order_id,quantity,order_date,order_time,unit_price,total_price,pizza_name
1,1,1/1/2015,11:38:36,13.25,13.25,The Hawaiian Pizza
2,1,1/1/2015,11:57:40,16,16,The Classic Deluxe Pizza
2,1,1/1/2015,11:57:40,18.5,18.5,The Five Cheese Pizza
2,1,1/1/2015,11:57:40,20.75,20.75,The Italian Supreme Pizza
2,1,1/1/2015,11:57:40,16,16,The Mexicana Pizza
2,1,1/1/2015,11:57:40,20.75,20.75,The Thai Chicken Pizza
3,1,1/1/2015,12:12:28,16.5,16.5,The Italian Supreme Pizza
3,1,1/1/2015,12:12:28,20.75,20.75,The Prosciutto and Arugula Pizza
4,1,1/1/2015,12:16:31,16.5,16.5,The Italian Supreme Pizza
5,1,1/1/2015,12:21:30,16.5,16.5,The Italian Supreme Pizza
6,1,1/1/2015,12:29:36,12.75,12.75,The Barbecue Chicken Pizza
6,1,1/1/2015,12:29:36,12,12,The Greek Pizza
7,1,1/1/2015,12:50:37,12.5,12.5,The Spinach Supreme Pizza
8,1,1/1/2015,12:51:37,12.5,12.5,The Spinach Supreme Pizza
9,1,1/1/2015,12:52:01,12,12,The Classic Deluxe Pizza
9,1,1/1/2015,12:52:01,12,12,The Green Garden Pizza
9,1,1/1/2015,12:52:01,20.5,20.5,The Italian Capocollo Pizza
9,1,1/1/2015,12:52:01,20.75,20.75,The Italian Supreme Pizza
9,1,1/1/2015,12:52:01,12.5,12.5,The Italian Supreme Pizza
9,1,1/1/2015,12:52:01,12,12,The Mexicana Pizza
9,1,1/1/2015,12:52:01,20.75,20.75,The Spicy Italian Pizza
9,1,1/1/2015,12:52:01,20.75,20.75,The Spinach Pesto Pizza
9,1,1/1/2015,12:52:01,12,12,The Vegetables + Vegetables Pizza
10,1,1/1/2015,13:00:15,20.25,20.25,The Mexicana Pizza
10,1,1/1/2015,13:00:15,20.75,20.75,The Southwest Chicken Pizza
11,1,1/1/2015,13:02:59,20.75,20.75,The Barbecue Chicken Pizza
11,1,1/1/2015,13:02:59,20.75,20.75,The California Chicken Pizza
11,1,1/1/2015,13:02:59,16.75,16.75,The California Chicken Pizza
11,1,1/1/2015,13:02:59,15.25,15.25,The Pepperoni Pizza
12,1,1/1/2015,13:04:41,20.75,20.75,The California Chicken Pizza
12,1,1/1/2015,13:04:41,12.75,12.75,The California Chicken Pizza
12,1,1/1/2015,13:04:41,20.75,20.75,The Chicken Pesto Pizza
12,1,1/1/2015,13:04:41,16.5,16.5,The Italian Supreme Pizza
13,1,1/1/2015,13:11:55,20.25,20.25,The Mexicana Pizza
14,1,1/1/2015,13:14:19,12,12,The Greek Pizza
15,1,1/1/2015,13:33:00,12,12,The Big Meat Pizza
15,1,1/1/2015,13:33:00,18.5,18.5,The Five Cheese Pizza
15,1,1/1/2015,13:33:00,20.75,20.75,The Soppressata Pizza
15,1,1/1/2015,13:33:00,12,12,The Greek Pizza
16,1,1/1/2015,13:34:07,17.95,17.95,The Four Cheese Pizza
16,1,1/1/2015,13:34:07,12,12,The Napolitana Pizza
16,1,1/1/2015,13:34:07,20.75,20.75,The Thai Chicken Pizza
17,1,1/1/2015,13:53:00,20.75,20.75,The Barbecue Chicken Pizza
17,1,1/1/2015,13:53:00,16.25,16.25,The Calabrese Pizza
17,1,1/1/2015,13:53:00,18.5,18.5,The Five Cheese Pizza
17,1,1/1/2015,13:53:00,14.75,14.75,The Four Cheese Pizza
17,1,1/1/2015,13:53:00,16.5,16.5,The Italian Supreme Pizza
17,1,1/1/2015,13:53:00,12.75,12.75,The Italian Vegetables Pizza
17,2,1/1/2015,13:53:00,16,32,The Mediterranean Pizza
17,1,1/1/2015,13:53:00,20.25,20.25,The Mexicana Pizza
17,1,1/1/2015,13:53:00,12.5,12.5,The Pepper Salami Pizza
17,1,1/1/2015,13:53:00,20.25,20.25,The Spinach and Feta Pizza
18,1,1/1/2015,13:57:08,20.5,20.5,The Napolitana Pizza
19,1,1/1/2015,13:59:09,20.5,20.5,The Italian Capocollo Pizza
19,1,1/1/2015,13:59:09,20.25,20.25,The Sicilian Pizza
20,1,1/1/2015,14:03:08,12,12,The Big Meat Pizza
20,1,1/1/2015,14:03:08,18.5,18.5,The Five Cheese Pizza
21,1,1/1/2015,14:14:29,20.5,20.5,The Italian Capocollo Pizza
22,1,1/1/2015,14:16:26,18.5,18.5,The Five Cheese Pizza
22,1,1/1/2015,14:16:26,16,16,The Italian Capocollo Pizza
22,1,1/1/2015,14:16:26,20.75,20.75,The Southwest Chicken Pizza
23,1,1/1/2015,14:19:03,12.75,12.75,The Southwest Chicken Pizza
24,1,1/1/2015,14:23:01,16.75,16.75,The Barbecue Chicken Pizza
24,1,1/1/2015,14:23:01,16,16,The Italian Capocollo Pizza
24,1,1/1/2015,14:23:01,12.5,12.5,The Pepperoni Pizza
24,1,1/1/2015,14:23:01,12.5,12.5,The Prosciutto and Arugula Pizza
25,1,1/1/2015,14:44:44,16.25,16.25,The Sicilian Pizza
25,1,1/1/2015,14:44:44,20.75,20.75,The Thai Chicken Pizza
26,1,1/1/2015,14:54:26,12,12,The Classic Deluxe Pizza
26,1,1/1/2015,14:54:26,20.25,20.25,The Vegetables + Vegetables Pizza
27,1,1/1/2015,15:11:17,20.75,20.75,The Barbecue Chicken Pizza
27,1,1/1/2015,15:11:17,16,16,The Classic Deluxe Pizza
27,1,1/1/2015,15:11:17,20.25,20.25,The Spinach and Feta Pizza
28,1,1/1/2015,15:35:46,12.75,12.75,The Chicken Alfredo Pizza
29,1,1/1/2015,15:41:01,12,12,The Green Garden Pizza
30,1,1/1/2015,15:41:25,20.75,20.75,The Thai Chicken Pizza
31,1,1/1/2015,15:50:18,16,16,The Mexicana Pizza
31,1,1/1/2015,15:50:18,9.75,9.75,The Pepperoni Pizza
32,1,1/1/2015,15:53:18,12,12,The Big Meat Pizza
32,1,1/1/2015,15:53:18,20.25,20.25,The Green Garden Pizza
32,1,1/1/2015,15:53:18,20.5,20.5,The Italian Capocollo Pizza
32,1,1/1/2015,15:53:18,16.5,16.5,The Italian Supreme Pizza
33,1,1/1/2015,15:54:08,20.75,20.75,The Barbecue Chicken Pizza
33,1,1/1/2015,15:54:08,12,12,The Green Garden Pizza
34,1,1/1/2015,16:21:21,12,12,The Greek Pizza
35,1,1/1/2015,16:32:04,16,16,The Green Garden Pizza
35,1,1/1/2015,16:32:04,17.5,17.5,"The Pepperoni, Mushroom, and Peppers Pizza"
35,1,1/1/2015,16:32:04,12.5,12.5,The Pepperoni Pizza
35,1,1/1/2015,16:32:04,20.75,20.75,The Thai Chicken Pizza
36,1,1/1/2015,16:54:09,16.75,16.75,The Barbecue Chicken Pizza
36,1,1/1/2015,16:54:09,16,16,The Classic Deluxe Pizza
37,1,1/1/2015,16:56:09,20.75,20.75,The Italian Supreme Pizza
37,1,1/1/2015,16:56:09,20.25,20.25,The Mexicana Pizza
38,1,1/1/2015,17:03:00,10.5,10.5,The Hawaiian Pizza
38,1,1/1/2015,17:03:00,20.5,20.5,The Italian Capocollo Pizza
39,1,1/1/2015,17:07:23,20.75,20.75,The Italian Supreme Pizza
40,1,1/1/2015,17:14:36,17.95,17.95,The Four Cheese Pizza
40,1,1/1/2015,17:14:36,12.75,12.75,The Southwest Chicken Pizza
41,1,1/1/2015,17:15:20,14.75,14.75,The Four Cheese Pizza
41,1,1/1/2015,17:15:20,12,12,The Green Garden Pizza
42,1,1/1/2015,17:28:09,12,12,The Big Meat Pizza
42,1,1/1/2015,17:28:09,18.5,18.5,The Five Cheese Pizza
42,1,1/1/2015,17:28:09,20.25,20.25,The Mexicana Pizza
42,1,1/1/2015,17:28:09,16.5,16.5,The Pepper Salami Pizza
43,1,1/1/2015,17:38:34,16.75,16.75,The Chicken Alfredo Pizza
43,1,1/1/2015,17:38:34,16.5,16.5,The Italian Supreme Pizza
43,1,1/1/2015,17:38:34,20.75,20.75,The Pepper Salami Pizza
44,1,1/1/2015,17:54:20,12.5,12.5,The Spinach Pesto Pizza
45,1,1/1/2015,17:55:48,17.95,17.95,The Four Cheese Pizza
45,1,1/1/2015,17:55:48,10.5,10.5,The Hawaiian Pizza
45,1,1/1/2015,17:55:48,16.75,16.75,The Thai Chicken Pizza
46,1,1/1/2015,18:25:51,20.75,20.75,The Chicken Pesto Pizza
46,1,1/1/2015,18:25:51,20.5,20.5,The Classic Deluxe Pizza
46,1,1/1/2015,18:25:51,16.75,16.75,The Thai Chicken Pizza
47,1,1/1/2015,18:26:34,20.75,20.75,The Southwest Chicken Pizza
47,1,1/1/2015,18:26:34,12,12,The Vegetables + Vegetables Pizza
48,1,1/1/2015,18:26:42,16.75,16.75,The Chicken Pesto Pizza
48,1,1/1/2015,18:26:42,12,12,The Green Garden Pizza
48,1,1/1/2015,18:26:42,20.75,20.75,The Prosciutto and Arugula Pizza
48,1,1/1/2015,18:26:42,20.75,20.75,The Spicy Italian Pizza
49,1,1/1/2015,18:33:00,20.25,20.25,The Sicilian Pizza
50,1,1/1/2015,18:41:01,25.5,25.5,The Greek Pizza
51,1,1/1/2015,18:48:28,20.75,20.75,The Barbecue Chicken Pizza
51,1,1/1/2015,18:48:28,17.5,17.5,"The Pepperoni, Mushroom, and Peppers Pizza"
52,1,1/1/2015,18:53:02,16.5,16.5,The Hawaiian Pizza
52,1,1/1/2015,18:53:02,20.25,20.25,The Mexicana Pizza
52,1,1/1/2015,18:53:02,20.75,20.75,The Spicy Italian Pizza
53,1,1/1/2015,18:54:17,11,11,"The Pepperoni, Mushroom, and Peppers Pizza"
53,1,1/1/2015,18:54:17,16.5,16.5,The Spinach Supreme Pizza
54,1,1/1/2015,19:01:45,16.5,16.5,The Prosciutto and Arugula Pizza
54,1,1/1/2015,19:01:45,20.75,20.75,The Thai Chicken Pizza
55,1,1/1/2015,19:03:19,12.5,12.5,The Pepper Salami Pizza
55,1,1/1/2015,19:03:19,20.75,20.75,The Spicy Italian Pizza
56,1,1/1/2015,19:07:00,16,16,The Classic Deluxe Pizza
56,1,1/1/2015,19:07:00,20.25,20.25,The Mediterranean Pizza
56,1,1/1/2015,19:07:00,16.75,16.75,The Southwest Chicken Pizza
57,1,1/1/2015,19:10:51,16,16,The Classic Deluxe Pizza
58,1,1/1/2015,19:30:40,18.5,18.5,The Five Cheese Pizza
58,1,1/1/2015,19:30:40,12.5,12.5,The Pepperoni Pizza
59,1,1/1/2015,19:40:08,12.75,12.75,The Italian Vegetables Pizza
59,1,1/1/2015,19:40:08,11,11,"The Pepperoni, Mushroom, and Peppers Pizza"
59,1,1/1/2015,19:40:08,15.25,15.25,The Pepperoni Pizza
60,1,1/1/2015,20:05:16,20.75,20.75,The Chicken Pesto Pizza
60,1,1/1/2015,20:05:16,14.75,14.75,The Four Cheese Pizza
61,1,1/1/2015,20:08:43,16.75,16.75,The Barbecue Chicken Pizza
61,1,1/1/2015,20:08:43,20.75,20.75,The Italian Supreme Pizza
62,1,1/1/2015,20:50:16,16.75,16.75,The Barbecue Chicken Pizza
62,1,1/1/2015,20:50:16,16.5,16.5,The Spinach Supreme Pizza
63,1,1/1/2015,20:51:42,14.5,14.5,"The Pepperoni, Mushroom, and Peppers Pizza"
64,1,1/1/2015,20:52:08,12,12,The Big Meat Pizza
65,1,1/1/2015,21:16:00,11,11,"The Pepperoni, Mushroom, and Peppers Pizza"
65,1,1/1/2015,21:16:00,12.25,12.25,The Sicilian Pizza
65,1,1/1/2015,21:16:00,12.5,12.5,The Spicy Italian Pizza
65,1,1/1/2015,21:16:00,16.5,16.5,The Spinach Supreme Pizza
66,1,1/1/2015,21:47:55,16,16,The Classic Deluxe Pizza
66,1,1/1/2015,21:47:55,16,16,The Italian Capocollo Pizza
67,1,1/1/2015,22:03:40,20.75,20.75,The Southwest Chicken Pizza
68,1,1/1/2015,22:07:32,16,16,The Classic Deluxe Pizza
68,1,1/1/2015,22:07:32,20.75,20.75,The Italian Supreme Pizza
68,1,1/1/2015,22:07:32,16.5,16.5,The Italian Supreme Pizza
69,1,1/1/2015,22:12:13,20.75,20.75,The Barbecue Chicken Pizza
70,1,2/1/2015,11:38:51,12.75,12.75,The Italian Vegetables Pizza
70,1,2/1/2015,11:38:51,20.75,20.75,The Soppressata Pizza
71,1,2/1/2015,11:40:50,20.75,20.75,The Thai Chicken Pizza
72,1,2/1/2015,11:57:25,20.25,20.25,The Spinach and Feta Pizza
73,1,2/1/2015,11:58:56,12.75,12.75,The Thai Chicken Pizza
74,1,2/1/2015,12:01:12,18.5,18.5,The Five Cheese Pizza
74,1,2/1/2015,12:01:12,20.25,20.25,The Mexicana Pizza
74,1,2/1/2015,12:01:12,12.5,12.5,The Spinach Pesto Pizza
74,1,2/1/2015,12:01:12,20.75,20.75,The Spinach Supreme Pizza
75,1,2/1/2015,12:10:15,12.5,12.5,The Italian Supreme Pizza
75,1,2/1/2015,12:10:15,20.25,20.25,The Mediterranean Pizza
75,1,2/1/2015,12:10:15,20.5,20.5,The Napolitana Pizza
76,1,2/1/2015,12:21:17,12,12,The Big Meat Pizza
76,1,2/1/2015,12:21:17,16.5,16.5,The Hawaiian Pizza
76,1,2/1/2015,12:21:17,21,21,The Italian Vegetables Pizza
76,1,2/1/2015,12:21:17,20.75,20.75,The Spicy Italian Pizza
77,1,2/1/2015,12:22:46,16.75,16.75,The Barbecue Chicken Pizza
77,1,2/1/2015,12:22:46,13.25,13.25,The Hawaiian Pizza
78,1,2/1/2015,12:28:14,12,12,The Big Meat Pizza
78,1,2/1/2015,12:28:14,12,12,The Classic Deluxe Pizza
78,1,2/1/2015,12:28:14,17.95,17.95,The Four Cheese Pizza
78,1,2/1/2015,12:28:14,16,16,The Italian Capocollo Pizza
78,3,2/1/2015,12:28:14,20.75,62.25,The Spicy Italian Pizza
78,1,2/1/2015,12:28:14,12.75,12.75,The Thai Chicken Pizza
79,1,2/1/2015,12:29:11,20.5,20.5,The Italian Capocollo Pizza
79,1,2/1/2015,12:29:11,11,11,"The Pepperoni, Mushroom, and Peppers Pizza"
79,1,2/1/2015,12:29:11,20.75,20.75,The Thai Chicken Pizza
80,1,2/1/2015,12:35:38,9.75,9.75,The Pepperoni Pizza
80,1,2/1/2015,12:35:38,16.75,16.75,The Thai Chicken Pizza
81,1,2/1/2015,12:40:01,20.75,20.75,The Thai Chicken Pizza
82,1,2/1/2015,12:45:51,12,12,The Big Meat Pizza
82,1,2/1/2015,12:45:51,16.75,16.75,The California Chicken Pizza
82,1,2/1/2015,12:45:51,20.75,20.75,The Spicy Italian Pizza
82,1,2/1/2015,12:45:51,16,16,The Vegetables + Vegetables Pizza
83,1,2/1/2015,12:53:27,12.75,12.75,The Southwest Chicken Pizza
84,1,2/1/2015,13:13:41,15.25,15.25,The Pepperoni Pizza
85,1,2/1/2015,13:34:49,16,16,The Classic Deluxe Pizza
85,1,2/1/2015,13:34:49,12,12,The Classic Deluxe Pizza
85,1,2/1/2015,13:34:49,20.75,20.75,The Italian Supreme Pizza
85,1,2/1/2015,13:34:49,16,16,The Greek Pizza
86,1,2/1/2015,13:40:31,16.5,16.5,The Hawaiian Pizza
87,1,2/1/2015,14:01:02,16,16,The Italian Capocollo Pizza
87,1,2/1/2015,14:01:02,16,16,The Mexicana Pizza
87,1,2/1/2015,14:01:02,20.75,20.75,The Spinach Supreme Pizza
87,1,2/1/2015,14:01:02,12.5,12.5,The Spinach Supreme Pizza
88,1,2/1/2015,14:10:08,18.5,18.5,The Five Cheese Pizza
89,1,2/1/2015,14:30:19,20.75,20.75,The Soppressata Pizza
89,1,2/1/2015,14:30:19,20.75,20.75,The Thai Chicken Pizza
90,1,2/1/2015,15:08:48,20.25,20.25,The Sicilian Pizza
90,1,2/1/2015,15:08:48,12.75,12.75,The Thai Chicken Pizza
91,2,2/1/2015,15:14:43,20.75,41.5,The Barbecue Chicken Pizza
91,1,2/1/2015,15:14:43,12.75,12.75,The Chicken Pesto Pizza
91,1,2/1/2015,15:14:43,9.75,9.75,The Pepperoni Pizza
92,1,2/1/2015,15:17:02,16.75,16.75,The Barbecue Chicken Pizza
92,1,2/1/2015,15:17:02,20.75,20.75,The Italian Supreme Pizza
92,1,2/1/2015,15:17:02,16.5,16.5,The Italian Supreme Pizza
92,1,2/1/2015,15:17:02,12.75,12.75,The Italian Vegetables Pizza
92,1,2/1/2015,15:17:02,12.5,12.5,The Pepperoni Pizza
92,1,2/1/2015,15:17:02,16.5,16.5,The Pepper Salami Pizza
92,1,2/1/2015,15:17:02,12,12,The Spinach and Feta Pizza
92,1,2/1/2015,15:17:02,12.5,12.5,The Spinach Supreme Pizza
92,2,2/1/2015,15:17:02,16,32,The Greek Pizza
93,1,2/1/2015,15:29:31,16.25,16.25,The Sicilian Pizza
94,1,2/1/2015,16:17:16,16,16,The Italian Capocollo Pizza
94,1,2/1/2015,16:17:16,12.75,12.75,The Southwest Chicken Pizza
95,1,2/1/2015,16:18:04,12,12,The Napolitana Pizza
95,1,2/1/2015,16:18:04,20.75,20.75,The Pepper Salami Pizza
96,1,2/1/2015,16:21:20,12,12,The Napolitana Pizza
97,1,2/1/2015,16:45:33,12,12,The Big Meat Pizza
98,1,2/1/2015,17:18:18,20.5,20.5,The Classic Deluxe Pizza
98,1,2/1/2015,17:18:18,20.5,20.5,The Napolitana Pizza
99,1,2/1/2015,17:45:42,20.75,20.75,The Italian Supreme Pizza
100,1,2/1/2015,17:46:17,16.5,16.5,The Hawaiian Pizza
101,1,2/1/2015,17:51:33,20.75,20.75,The California Chicken Pizza
101,1,2/1/2015,17:51:33,15.25,15.25,The Pepperoni Pizza
101,1,2/1/2015,17:51:33,20.75,20.75,The Soppressata Pizza
101,1,2/1/2015,17:51:33,16.5,16.5,The Spicy Italian Pizza
102,1,2/1/2015,17:54:04,12.75,12.75,The Barbecue Chicken Pizza
102,1,2/1/2015,17:54:04,12.5,12.5,The Prosciutto and Arugula Pizza
103,1,2/1/2015,18:02:09,12.5,12.5,The Spinach Supreme Pizza
104,1,2/1/2015,18:02:12,16.75,16.75,The Barbecue Chicken Pizza
104,1,2/1/2015,18:02:12,16.75,16.75,The Chicken Alfredo Pizza
104,1,2/1/2015,18:02:12,16.75,16.75,The Italian Vegetables Pizza
104,1,2/1/2015,18:02:12,20.25,20.25,The Vegetables + Vegetables Pizza
105,2,2/1/2015,18:12:01,10.5,21,The Hawaiian Pizza
105,1,2/1/2015,18:12:01,15.25,15.25,The Pepperoni Pizza
105,1,2/1/2015,18:12:01,16.5,16.5,The Prosciutto and Arugula Pizza
106,1,2/1/2015,18:12:13,20.25,20.25,The Mexicana Pizza
106,1,2/1/2015,18:12:13,20.75,20.75,The Spicy Italian Pizza
107,1,2/1/2015,18:25:09,20.75,20.75,The California Chicken Pizza
107,1,2/1/2015,18:25:09,16.5,16.5,The Italian Supreme Pizza
107,1,2/1/2015,18:25:09,20.75,20.75,The Spicy Italian Pizza
107,1,2/1/2015,18:25:09,20.25,20.25,The Vegetables + Vegetables Pizza
108,1,2/1/2015,18:25:25,20.5,20.5,The Classic Deluxe Pizza
108,1,2/1/2015,18:25:25,16.5,16.5,The Hawaiian Pizza
108,1,2/1/2015,18:25:25,20.75,20.75,The Spinach Supreme Pizza
109,1,2/1/2015,18:27:50,20.5,20.5,The Italian Capocollo Pizza
109,1,2/1/2015,18:27:50,20.75,20.75,The Italian Supreme Pizza
109,1,2/1/2015,18:27:50,12.5,12.5,The Pepperoni Pizza
109,1,2/1/2015,18:27:50,20.75,20.75,The Prosciutto and Arugula Pizza
110,1,2/1/2015,18:36:19,12,12,The Big Meat Pizza
110,1,2/1/2015,18:36:19,20.5,20.5,The Napolitana Pizza
110,1,2/1/2015,18:36:19,20.75,20.75,The Soppressata Pizza
110,1,2/1/2015,18:36:19,12.5,12.5,The Spicy Italian Pizza
111,1,2/1/2015,18:38:01,16.75,16.75,The California Chicken Pizza
111,1,2/1/2015,18:38:01,18.5,18.5,The Five Cheese Pizza
111,1,2/1/2015,18:38:01,12.5,12.5,The Pepperoni Pizza
111,1,2/1/2015,18:38:01,20.75,20.75,The Spinach Pesto Pizza
112,1,2/1/2015,18:41:40,9.75,9.75,The Pepperoni Pizza
113,1,2/1/2015,18:50:21,20.75,20.75,The California Chicken Pizza
113,1,2/1/2015,18:50:21,20.25,20.25,The Mexicana Pizza
113,1,2/1/2015,18:50:21,16.75,16.75,The Southwest Chicken Pizza
114,1,2/1/2015,18:59:32,15.25,15.25,The Pepperoni Pizza
114,1,2/1/2015,18:59:32,12.25,12.25,The Sicilian Pizza
115,1,2/1/2015,19:05:17,12,12,The Big Meat Pizza
115,1,2/1/2015,19:05:17,20.5,20.5,The Napolitana Pizza
115,1,2/1/2015,19:05:17,16.75,16.75,The Thai Chicken Pizza
116,1,2/1/2015,19:18:49,18.5,18.5,The Five Cheese Pizza
117,1,2/1/2015,19:23:02,16.5,16.5,The Pepper Salami Pizza
117,1,2/1/2015,19:23:02,20.25,20.25,The Sicilian Pizza
118,1,2/1/2015,19:26:59,20.75,20.75,The Prosciutto and Arugula Pizza
118,1,2/1/2015,19:26:59,12,12,The Spinach and Feta Pizza
119,1,2/1/2015,19:32:29,14.75,14.75,The Four Cheese Pizza
120,1,2/1/2015,19:35:07,12,12,The Classic Deluxe Pizza
120,1,2/1/2015,19:35:07,10.5,10.5,The Hawaiian Pizza
120,1,2/1/2015,19:35:07,20.25,20.25,The Spinach and Feta Pizza
121,1,2/1/2015,19:38:48,16.75,16.75,The Barbecue Chicken Pizza
121,1,2/1/2015,19:38:48,17.95,17.95,The Four Cheese Pizza
121,1,2/1/2015,19:38:48,20.25,20.25,The Sicilian Pizza
121,1,2/1/2015,19:38:48,20.75,20.75,The Southwest Chicken Pizza
122,1,2/1/2015,19:50:19,16.5,16.5,The Italian Supreme Pizza
123,1,2/1/2015,20:12:09,12,12,The Italian Capocollo Pizza
124,1,2/1/2015,20:12:34,12.75,12.75,The Barbecue Chicken Pizza
124,1,2/1/2015,20:12:34,20.25,20.25,The Sicilian Pizza
124,1,2/1/2015,20:12:34,20.75,20.75,The Spicy Italian Pizza
124,1,2/1/2015,20:12:34,12,12,The Greek Pizza
125,1,2/1/2015,20:31:06,25.5,25.5,The Greek Pizza
126,1,2/1/2015,20:53:42,20.25,20.25,The Vegetables + Vegetables Pizza
127,1,2/1/2015,20:58:23,12.5,12.5,The Pepperoni Pizza
128,1,2/1/2015,21:05:06,12.5,12.5,The Spicy Italian Pizza
129,1,2/1/2015,21:13:02,12,12,The Big Meat Pizza
129,1,2/1/2015,21:13:02,16,16,The Greek Pizza
130,1,2/1/2015,21:14:55,10.5,10.5,The Hawaiian Pizza
130,1,2/1/2015,21:14:55,20.5,20.5,The Italian Capocollo Pizza
130,1,2/1/2015,21:14:55,16,16,The Mexicana Pizza
130,1,2/1/2015,21:14:55,12.75,12.75,The Southwest Chicken Pizza
131,1,2/1/2015,21:33:10,20.75,20.75,The Chicken Pesto Pizza
131,1,2/1/2015,21:33:10,18.5,18.5,The Five Cheese Pizza
131,1,2/1/2015,21:33:10,12,12,The Green Garden Pizza
131,1,2/1/2015,21:33:10,12.5,12.5,The Spinach Supreme Pizza
132,1,2/1/2015,21:42:45,9.75,9.75,The Pepperoni Pizza
133,1,2/1/2015,22:00:17,20.75,20.75,The Barbecue Chicken Pizza
133,1,2/1/2015,22:00:17,16.5,16.5,The Hawaiian Pizza
133,1,2/1/2015,22:00:17,12,12,The Greek Pizza
134,1,2/1/2015,22:13:24,12,12,The Big Meat Pizza
134,1,2/1/2015,22:13:24,20.75,20.75,The Southwest Chicken Pizza
134,1,2/1/2015,22:13:24,12.5,12.5,The Spinach Supreme Pizza
135,1,2/1/2015,22:29:34,20.25,20.25,The Vegetables + Vegetables Pizza
136,1,2/1/2015,22:32:49,18.5,18.5,The Five Cheese Pizza
136,1,2/1/2015,22:32:49,12.5,12.5,The Pepper Salami Pizza
137,1,3/1/2015,11:34:10,20.25,20.25,The Mediterranean Pizza
137,1,3/1/2015,11:34:10,9.75,9.75,The Pepperoni Pizza
137,1,3/1/2015,11:34:10,16.5,16.5,The Spicy Italian Pizza
138,1,3/1/2015,11:44:50,16.75,16.75,The California Chicken Pizza
138,1,3/1/2015,11:44:50,17.95,17.95,The Four Cheese Pizza
138,1,3/1/2015,11:44:50,21,21,The Italian Vegetables Pizza
138,1,3/1/2015,11:44:50,16.25,16.25,The Sicilian Pizza
139,1,3/1/2015,11:57:39,18.5,18.5,The Five Cheese Pizza
140,1,3/1/2015,12:26:44,12.5,12.5,The Prosciutto and Arugula Pizza
140,1,3/1/2015,12:26:44,16,16,The Vegetables + Vegetables Pizza
141,1,3/1/2015,13:16:01,16,16,The Classic Deluxe Pizza
142,1,3/1/2015,13:33:59,16,16,The Green Garden Pizza
143,1,3/1/2015,13:41:36,12.75,12.75,The California Chicken Pizza
143,1,3/1/2015,13:41:36,12,12,The Classic Deluxe Pizza
143,1,3/1/2015,13:41:36,16.5,16.5,The Hawaiian Pizza
143,1,3/1/2015,13:41:36,16,16,The Mexicana Pizza
143,1,3/1/2015,13:41:36,15.25,15.25,The Pepperoni Pizza
143,1,3/1/2015,13:41:36,12.5,12.5,The Prosciutto and Arugula Pizza
143,1,3/1/2015,13:41:36,20.75,20.75,The Thai Chicken Pizza
143,1,3/1/2015,13:41:36,16,16,The Vegetables + Vegetables Pizza
144,3,3/1/2015,13:44:28,16.75,50.25,The Barbecue Chicken Pizza
144,1,3/1/2015,13:44:28,12,12,The Big Meat Pizza
144,1,3/1/2015,13:44:28,20.75,20.75,The California Chicken Pizza
144,1,3/1/2015,13:44:28,16.75,16.75,The Chicken Pesto Pizza
144,1,3/1/2015,13:44:28,18.5,18.5,The Five Cheese Pizza
144,1,3/1/2015,13:44:28,17.95,17.95,The Four Cheese Pizza
144,1,3/1/2015,13:44:28,11,11,"The Pepperoni, Mushroom, and Peppers Pizza"
144,1,3/1/2015,13:44:28,20.75,20.75,The Southwest Chicken Pizza
144,1,3/1/2015,13:44:28,12.75,12.75,The Southwest Chicken Pizza
144,1,3/1/2015,13:44:28,20.75,20.75,The Spicy Italian Pizza
144,1,3/1/2015,13:44:28,16.75,16.75,The Thai Chicken Pizza
144,1,3/1/2015,13:44:28,20.25,20.25,The Vegetables + Vegetables Pizza
145,1,3/1/2015,13:53:48,12,12,The Greek Pizza
146,1,3/1/2015,14:22:10,20.75,20.75,The California Chicken Pizza
146,1,3/1/2015,14:22:10,14.75,14.75,The Four Cheese Pizza
146,1,3/1/2015,14:22:10,13.25,13.25,The Hawaiian Pizza
147,1,3/1/2015,14:32:51,25.5,25.5,The Greek Pizza
148,1,3/1/2015,14:40:42,12,12,The Mediterranean Pizza
149,1,3/1/2015,14:48:45,16,16,The Spinach and Feta Pizza
150,1,3/1/2015,14:49:58,12.5,12.5,The Pepperoni Pizza
151,1,3/1/2015,15:09:34,20.75,20.75,The Southwest Chicken Pizza
151,1,3/1/2015,15:09:34,12.5,12.5,The Spinach Supreme Pizza
152,1,3/1/2015,15:09:42,10.5,10.5,The Hawaiian Pizza
152,1,3/1/2015,15:09:42,20.25,20.25,The Spinach and Feta Pizza
152,1,3/1/2015,15:09:42,12.75,12.75,The Thai Chicken Pizza
152,1,3/1/2015,15:09:42,16,16,The Greek Pizza
153,1,3/1/2015,15:16:34,16,16,The Mexicana Pizza
154,1,3/1/2015,15:22:43,12.5,12.5,The Prosciutto and Arugula Pizza
155,1,3/1/2015,15:28:59,12.75,12.75,The Chicken Pesto Pizza
155,1,3/1/2015,15:28:59,20.5,20.5,The Napolitana Pizza
155,1,3/1/2015,15:28:59,15.25,15.25,The Pepperoni Pizza
155,1,3/1/2015,15:28:59,20.75,20.75,The Pepper Salami Pizza
156,1,3/1/2015,15:42:19,16,16,The Napolitana Pizza
156,1,3/1/2015,15:42:19,20.75,20.75,The Thai Chicken Pizza
157,1,3/1/2015,15:43:03,20.75,20.75,The Italian Supreme Pizza
157,1,3/1/2015,15:43:03,16,16,The Mediterranean Pizza
157,1,3/1/2015,15:43:03,16.25,16.25,The Sicilian Pizza
157,1,3/1/2015,15:43:03,16.5,16.5,The Spinach Pesto Pizza
158,1,3/1/2015,15:54:30,16.75,16.75,The Italian Vegetables Pizza
158,1,3/1/2015,15:54:30,16.75,16.75,The Thai Chicken Pizza
159,1,3/1/2015,15:59:22,17.95,17.95,The Four Cheese Pizza
159,1,3/1/2015,15:59:22,16.75,16.75,The Thai Chicken Pizza
160,1,3/1/2015,16:35:33,16,16,The Classic Deluxe Pizza
161,1,3/1/2015,16:43:46,10.5,10.5,The Hawaiian Pizza
161,1,3/1/2015,16:43:46,16.5,16.5,The Spicy Italian Pizza
161,1,3/1/2015,16:43:46,25.5,25.5,The Greek Pizza
162,1,3/1/2015,16:51:22,12,12,The Big Meat Pizza
163,1,3/1/2015,16:54:54,13.25,13.25,The Hawaiian Pizza
163,1,3/1/2015,16:54:54,15.25,15.25,The Pepperoni Pizza
163,1,3/1/2015,16:54:54,16,16,The Greek Pizza
164,1,3/1/2015,16:56:33,20.75,20.75,The California Chicken Pizza
164,1,3/1/2015,16:56:33,12.5,12.5,The Pepperoni Pizza
165,1,3/1/2015,16:57:37,16.5,16.5,The Prosciutto and Arugula Pizza
166,1,3/1/2015,16:58:51,12.5,12.5,The Prosciutto and Arugula Pizza
167,1,3/1/2015,17:00:49,20.75,20.75,The Barbecue Chicken Pizza
167,1,3/1/2015,17:00:49,16.5,16.5,The Italian Supreme Pizza
167,1,3/1/2015,17:00:49,12.5,12.5,The Pepperoni Pizza
168,1,3/1/2015,17:02:27,12,12,The Big Meat Pizza
168,1,3/1/2015,17:02:27,16,16,The Vegetables + Vegetables Pizza
169,1,3/1/2015,17:15:48,17.95,17.95,The Four Cheese Pizza
169,1,3/1/2015,17:15:48,12,12,The Italian Capocollo Pizza
169,1,3/1/2015,17:15:48,16.25,16.25,The Sicilian Pizza
170,1,3/1/2015,17:21:31,16.5,16.5,The Hawaiian Pizza
171,1,3/1/2015,17:23:03,16,16,The Napolitana Pizza
172,1,3/1/2015,17:29:24,12,12,The Napolitana Pizza
172,1,3/1/2015,17:29:24,16.5,16.5,The Spinach Supreme Pizza
172,1,3/1/2015,17:29:24,20.75,20.75,The Thai Chicken Pizza
173,1,3/1/2015,17:35:30,16.75,16.75,The California Chicken Pizza
173,1,3/1/2015,17:35:30,16,16,The Classic Deluxe Pizza
173,1,3/1/2015,17:35:30,20.25,20.25,The Vegetables + Vegetables Pizza
174,1,3/1/2015,17:37:49,12,12,The Big Meat Pizza
174,1,3/1/2015,17:37:49,20.75,20.75,The California Chicken Pizza
174,1,3/1/2015,17:37:49,16.75,16.75,The California Chicken Pizza
174,1,3/1/2015,17:37:49,16,16,The Italian Capocollo Pizza
175,1,3/1/2015,17:50:51,20.75,20.75,The Italian Supreme Pizza
176,1,3/1/2015,17:51:57,20.75,20.75,The California Chicken Pizza
176,1,3/1/2015,17:51:57,16.5,16.5,The Pepper Salami Pizza
177,1,3/1/2015,17:54:36,12,12,The Napolitana Pizza
177,1,3/1/2015,17:54:36,20.75,20.75,The Thai Chicken Pizza
178,1,3/1/2015,18:15:03,20.75,20.75,The Pepper Salami Pizza
179,1,3/1/2015,18:20:14,16.5,16.5,The Hawaiian Pizza
179,1,3/1/2015,18:20:14,16.25,16.25,The Sicilian Pizza
179,1,3/1/2015,18:20:14,12,12,The Vegetables + Vegetables Pizza
180,1,3/1/2015,18:33:34,20.5,20.5,The Classic Deluxe Pizza
180,1,3/1/2015,18:33:34,20.75,20.75,The Prosciutto and Arugula Pizza
181,1,3/1/2015,18:49:32,20.25,20.25,The Mexicana Pizza
182,1,3/1/2015,18:50:10,23.65,23.65,The Brie Carre Pizza
182,1,3/1/2015,18:50:10,20.75,20.75,The Pepper Salami Pizza
183,1,3/1/2015,18:54:55,16,16,The Napolitana Pizza
183,1,3/1/2015,18:54:55,20.75,20.75,The Spinach Pesto Pizza
183,1,3/1/2015,18:54:55,12.5,12.5,The Spinach Pesto Pizza
184,1,3/1/2015,18:59:05,16.5,16.5,The Hawaiian Pizza
185,1,3/1/2015,19:08:33,16.25,16.25,The Sicilian Pizza
185,1,3/1/2015,19:08:33,12.5,12.5,The Spinach Pesto Pizza
186,1,3/1/2015,19:36:00,20.25,20.25,The Mexicana Pizza
186,1,3/1/2015,19:36:00,20.75,20.75,The Southwest Chicken Pizza
186,1,3/1/2015,19:36:00,20.75,20.75,The Spinach Pesto Pizza
186,1,3/1/2015,19:36:00,20.75,20.75,The Thai Chicken Pizza
187,1,3/1/2015,19:37:12,18.5,18.5,The Five Cheese Pizza
187,1,3/1/2015,19:37:12,20.75,20.75,The Spinach Pesto Pizza
188,1,3/1/2015,20:08:39,18.5,18.5,The Five Cheese Pizza
188,1,3/1/2015,20:08:39,9.75,9.75,The Pepperoni Pizza
188,1,3/1/2015,20:08:39,20.75,20.75,The Pepper Salami Pizza
189,2,3/1/2015,20:12:14,12,24,The Big Meat Pizza
189,1,3/1/2015,20:12:14,12.75,12.75,The Thai Chicken Pizza
190,1,3/1/2015,20:14:23,20.75,20.75,The Barbecue Chicken Pizza
190,1,3/1/2015,20:14:23,14.75,14.75,The Four Cheese Pizza
190,1,3/1/2015,20:14:23,11,11,"The Pepperoni, Mushroom, and Peppers Pizza"
190,1,3/1/2015,20:14:23,20.75,20.75,The Prosciutto and Arugula Pizza
191,1,3/1/2015,20:24:50,20.75,20.75,The California Chicken Pizza
191,1,3/1/2015,20:24:50,16.75,16.75,The Chicken Alfredo Pizza
192,1,3/1/2015,20:30:08,12.25,12.25,The Sicilian Pizza
192,1,3/1/2015,20:30:08,20.75,20.75,The Southwest Chicken Pizza
193,1,3/1/2015,20:55:47,12,12,The Big Meat Pizza
193,1,3/1/2015,20:55:47,16.75,16.75,The California Chicken Pizza
193,2,3/1/2015,20:55:47,20.75,41.5,The Chicken Alfredo Pizza
194,1,3/1/2015,21:21:24,12.75,12.75,The Barbecue Chicken Pizza
195,1,3/1/2015,21:25:20,20.75,20.75,The Barbecue Chicken Pizza
196,1,3/1/2015,21:40:14,12.25,12.25,The Sicilian Pizza
196,1,3/1/2015,21:40:14,16.5,16.5,The Spicy Italian Pizza
196,1,3/1/2015,21:40:14,16,16,The Vegetables + Vegetables Pizza
197,1,3/1/2015,21:47:48,17.95,17.95,The Four Cheese Pizza
197,1,3/1/2015,21:47:48,20.5,20.5,The Italian Capocollo Pizza
197,1,3/1/2015,21:47:48,21,21,The Italian Vegetables Pizza
197,1,3/1/2015,21:47:48,20.75,20.75,The Soppressata Pizza
198,1,3/1/2015,21:55:42,12,12,The Big Meat Pizza
198,1,3/1/2015,21:55:42,20.75,20.75,The Chicken Alfredo Pizza
199,1,3/1/2015,22:10:38,16.75,16.75,The Chicken Alfredo Pizza
200,1,3/1/2015,22:24:05,25.5,25.5,The Greek Pizza
201,1,3/1/2015,22:29:59,16.25,16.25,The Calabrese Pizza
201,1,3/1/2015,22:29:59,20.75,20.75,The Chicken Pesto Pizza
201,1,3/1/2015,22:29:59,20.75,20.75,The Italian Supreme Pizza
201,1,3/1/2015,22:29:59,25.5,25.5,The Greek Pizza
202,1,3/1/2015,22:50:29,12.75,12.75,The California Chicken Pizza
203,1,4/1/2015,11:30:48,20.75,20.75,The California Chicken Pizza
203,1,4/1/2015,11:30:48,16.75,16.75,The Italian Vegetables Pizza
203,1,4/1/2015,11:30:48,17.5,17.5,"The Pepperoni, Mushroom, and Peppers Pizza"
203,1,4/1/2015,11:30:48,12,12,The Greek Pizza
204,1,4/1/2015,11:36:25,20.75,20.75,The Spicy Italian Pizza
205,1,4/1/2015,11:43:54,12.75,12.75,The California Chicken Pizza
205,1,4/1/2015,11:43:54,16.75,16.75,The Chicken Alfredo Pizza
205,1,4/1/2015,11:43:54,12.5,12.5,The Prosciutto and Arugula Pizza
206,1,4/1/2015,11:45:10,16,16,The Napolitana Pizza
206,1,4/1/2015,11:45:10,9.75,9.75,The Pepperoni Pizza
206,1,4/1/2015,11:45:10,20.75,20.75,The Spicy Italian Pizza
207,1,4/1/2015,12:03:58,20.75,20.75,The Spicy Italian Pizza
208,1,4/1/2015,12:12:05,20.75,20.75,The Barbecue Chicken Pizza
208,1,4/1/2015,12:12:05,12.75,12.75,The Barbecue Chicken Pizza
208,1,4/1/2015,12:12:05,16.75,16.75,The Chicken Alfredo Pizza
208,1,4/1/2015,12:12:05,12.5,12.5,The Pepperoni Pizza
208,1,4/1/2015,12:12:05,16,16,The Greek Pizza
209,1,4/1/2015,12:29:17,20.75,20.75,The California Chicken Pizza
210,1,4/1/2015,12:34:13,12,12,The Spinach and Feta Pizza
211,1,4/1/2015,12:54:20,9.75,9.75,The Pepperoni Pizza
212,1,4/1/2015,13:16:03,20.5,20.5,The Italian Capocollo Pizza
213,1,4/1/2015,13:20:39,17.95,17.95,The Four Cheese Pizza
214,1,4/1/2015,13:39:16,20.5,20.5,The Italian Capocollo Pizza
214,1,4/1/2015,13:39:16,16.5,16.5,The Italian Supreme Pizza
214,1,4/1/2015,13:39:16,12,12,The Mexicana Pizza
214,1,4/1/2015,13:39:16,16.5,16.5,The Spinach Pesto Pizza
215,1,4/1/2015,13:44:49,12,12,The Green Garden Pizza
216,1,4/1/2015,14:31:56,16.75,16.75,The Barbecue Chicken Pizza
216,1,4/1/2015,14:31:56,18.5,18.5,The Five Cheese Pizza
216,1,4/1/2015,14:31:56,16.5,16.5,The Hawaiian Pizza
217,1,4/1/2015,14:35:03,16,16,The Classic Deluxe Pizza
217,1,4/1/2015,14:35:03,12,12,The Spinach and Feta Pizza
218,1,4/1/2015,14:35:11,16.5,16.5,The Spicy Italian Pizza
219,1,4/1/2015,14:42:01,20.75,20.75,The Barbecue Chicken Pizza
219,1,4/1/2015,14:42:01,18.5,18.5,The Five Cheese Pizza
219,1,4/1/2015,14:42:01,16.5,16.5,The Pepper Salami Pizza
219,1,4/1/2015,14:42:01,16,16,The Spinach and Feta Pizza
220,1,4/1/2015,15:31:59,10.5,10.5,The Hawaiian Pizza
220,1,4/1/2015,15:31:59,12,12,The Italian Capocollo Pizza
220,1,4/1/2015,15:31:59,20.5,20.5,The Napolitana Pizza
220,1,4/1/2015,15:31:59,20.75,20.75,The Spicy Italian Pizza
221,1,4/1/2015,15:33:18,18.5,18.5,The Five Cheese Pizza
221,1,4/1/2015,15:33:18,16.5,16.5,The Prosciutto and Arugula Pizza
221,1,4/1/2015,15:33:18,12,12,The Greek Pizza
222,1,4/1/2015,15:46:38,17.95,17.95,The Four Cheese Pizza
222,1,4/1/2015,15:46:38,12.25,12.25,The Sicilian Pizza
223,1,4/1/2015,16:08:20,11,11,"The Pepperoni, Mushroom, and Peppers Pizza"
224,1,4/1/2015,16:39:58,12.75,12.75,The Chicken Alfredo Pizza
224,1,4/1/2015,16:39:58,16.5,16.5,The Italian Supreme Pizza
224,1,4/1/2015,16:39:58,16,16,The Napolitana Pizza
224,1,4/1/2015,16:39:58,20.75,20.75,The Thai Chicken Pizza
225,1,4/1/2015,16:41:48,20.75,20.75,The Barbecue Chicken Pizza
225,1,4/1/2015,16:41:48,16.75,16.75,The Barbecue Chicken Pizza
225,1,4/1/2015,16:41:48,12.75,12.75,The Southwest Chicken Pizza
226,1,4/1/2015,16:59:39,20.5,20.5,The Classic Deluxe Pizza
227,1,4/1/2015,17:24:39,16.75,16.75,The Barbecue Chicken Pizza
227,1,4/1/2015,17:24:39,16,16,The Greek Pizza
228,1,4/1/2015,17:31:24,12.75,12.75,The Italian Vegetables Pizza
229,1,4/1/2015,17:37:57,21,21,The Italian Vegetables Pizza
229,1,4/1/2015,17:37:57,20.75,20.75,The Prosciutto and Arugula Pizza
229,1,4/1/2015,17:37:57,12.5,12.5,The Spinach Pesto Pizza
230,1,4/1/2015,17:58:38,16.75,16.75,The Thai Chicken Pizza
231,1,4/1/2015,18:04:18,20.75,20.75,The California Chicken Pizza
231,1,4/1/2015,18:04:18,12,12,The Napolitana Pizza
231,1,4/1/2015,18:04:18,12.5,12.5,The Prosciutto and Arugula Pizza
232,1,4/1/2015,18:21:59,16.75,16.75,The Barbecue Chicken Pizza
232,1,4/1/2015,18:21:59,20.75,20.75,The Spinach Supreme Pizza
233,1,4/1/2015,18:26:51,12,12,The Spinach and Feta Pizza
234,1,4/1/2015,18:36:09,16.75,16.75,The Chicken Alfredo Pizza
234,1,4/1/2015,18:36:09,12.5,12.5,The Italian Supreme Pizza
234,1,4/1/2015,18:36:09,16,16,The Napolitana Pizza
235,1,4/1/2015,18:51:30,16.75,16.75,The California Chicken Pizza
236,1,4/1/2015,19:21:04,20.5,20.5,The Classic Deluxe Pizza
236,1,4/1/2015,19:21:04,16,16,The Green Garden Pizza
237,1,4/1/2015,19:27:48,12,12,The Green Garden Pizza
238,1,4/1/2015,19:45:15,20.75,20.75,The Spinach Pesto Pizza
239,1,4/1/2015,19:57:52,20.75,20.75,The Italian Supreme Pizza
239,1,4/1/2015,19:57:52,16.75,16.75,The Thai Chicken Pizza
240,1,4/1/2015,20:10:24,14.75,14.75,The Four Cheese Pizza
241,1,4/1/2015,20:11:25,16.25,16.25,The Sicilian Pizza
241,1,4/1/2015,20:11:25,20.75,20.75,The Spinach Supreme Pizza
242,1,4/1/2015,20:15:29,16.25,16.25,The Calabrese Pizza
242,1,4/1/2015,20:15:29,20.75,20.75,The Thai Chicken Pizza
242,1,4/1/2015,20:15:29,16,16,The Vegetables + Vegetables Pizza
243,1,4/1/2015,20:26:17,20.5,20.5,The Classic Deluxe Pizza
243,1,4/1/2015,20:26:17,12.5,12.5,The Spinach Supreme Pizza
244,1,4/1/2015,20:26:22,12.5,12.5,The Italian Supreme Pizza
244,1,4/1/2015,20:26:22,20.75,20.75,The Spicy Italian Pizza
245,1,4/1/2015,20:28:41,20.75,20.75,The Barbecue Chicken Pizza
245,1,4/1/2015,20:28:41,20.75,20.75,The Chicken Pesto Pizza
246,1,4/1/2015,20:30:48,16.75,16.75,The Chicken Alfredo Pizza
246,1,4/1/2015,20:30:48,15.25,15.25,The Pepperoni Pizza
247,1,4/1/2015,20:55:29,13.25,13.25,The Hawaiian Pizza
247,1,4/1/2015,20:55:29,16.25,16.25,The Sicilian Pizza
247,1,4/1/2015,20:55:29,12.5,12.5,The Spinach Supreme Pizza
248,1,4/1/2015,20:58:19,10.5,10.5,The Hawaiian Pizza
248,1,4/1/2015,20:58:19,20.75,20.75,The Thai Chicken Pizza
249,1,4/1/2015,21:06:16,20.75,20.75,The Barbecue Chicken Pizza
249,1,4/1/2015,21:06:16,12.25,12.25,The Calabrese Pizza
250,1,4/1/2015,21:07:05,14.75,14.75,The Four Cheese Pizza
251,1,4/1/2015,21:10:05,16,16,The Mexicana Pizza
252,1,4/1/2015,22:13:15,16.5,16.5,The Prosciutto and Arugula Pizza
253,1,4/1/2015,22:16:18,23.65,23.65,The Brie Carre Pizza
254,1,4/1/2015,22:22:13,20.75,20.75,The Barbecue Chicken Pizza
254,1,4/1/2015,22:22:13,23.65,23.65,The Brie Carre Pizza
254,1,4/1/2015,22:22:13,18.5,18.5,The Five Cheese Pizza
255,1,5/1/2015,11:23:35,18.5,18.5,The Five Cheese Pizza
255,1,5/1/2015,11:23:35,16,16,The Green Garden Pizza
255,1,5/1/2015,11:23:35,16.5,16.5,The Hawaiian Pizza
255,1,5/1/2015,11:23:35,16,16,The Spinach and Feta Pizza
256,1,5/1/2015,11:56:06,17.5,17.5,"The Pepperoni, Mushroom, and Peppers Pizza"
257,1,5/1/2015,11:59:04,20.75,20.75,The California Chicken Pizza
257,1,5/1/2015,11:59:04,20.75,20.75,The Chicken Alfredo Pizza
258,1,5/1/2015,11:59:23,16,16,The Classic Deluxe Pizza
259,1,5/1/2015,12:04:25,15.25,15.25,The Pepperoni Pizza
260,1,5/1/2015,12:06:27,18.5,18.5,The Five Cheese Pizza
260,1,5/1/2015,12:06:27,20.5,20.5,The Greek Pizza
261,1,5/1/2015,12:38:29,23.65,23.65,The Brie Carre Pizza
262,1,5/1/2015,12:42:01,16.75,16.75,The California Chicken Pizza
263,1,5/1/2015,12:57:22,20.75,20.75,The Spinach Pesto Pizza
264,1,5/1/2015,13:03:59,16,16,The Mexicana Pizza
265,1,5/1/2015,13:04:42,16.75,16.75,The Chicken Alfredo Pizza
265,1,5/1/2015,13:04:42,20.25,20.25,The Mexicana Pizza
265,1,5/1/2015,13:04:42,16.25,16.25,The Sicilian Pizza
265,1,5/1/2015,13:04:42,20.75,20.75,The Spicy Italian Pizza
266,1,5/1/2015,13:09:29,16.5,16.5,The Pepper Salami Pizza
267,1,5/1/2015,13:37:50,17.95,17.95,The Four Cheese Pizza
267,1,5/1/2015,13:37:50,20.25,20.25,The Mediterranean Pizza
267,1,5/1/2015,13:37:50,12,12,The Napolitana Pizza
268,1,5/1/2015,13:40:46,20.75,20.75,The Italian Supreme Pizza
268,1,5/1/2015,13:40:46,9.75,9.75,The Pepperoni Pizza
269,1,5/1/2015,13:49:34,16.75,16.75,The Chicken Alfredo Pizza
270,1,5/1/2015,14:09:02,20.75,20.75,The Southwest Chicken Pizza
270,1,5/1/2015,14:09:02,20.75,20.75,The Spinach Pesto Pizza
270,1,5/1/2015,14:09:02,20.75,20.75,The Thai Chicken Pizza
271,1,5/1/2015,14:22:19,12,12,The Big Meat Pizza
271,2,5/1/2015,14:22:19,16.75,33.5,The California Chicken Pizza
271,2,5/1/2015,14:22:19,16.75,33.5,The Chicken Alfredo Pizza
271,2,5/1/2015,14:22:19,20.75,41.5,The Chicken Pesto Pizza
271,1,5/1/2015,14:22:19,16,16,The Classic Deluxe Pizza
271,1,5/1/2015,14:22:19,16.5,16.5,The Italian Supreme Pizza
271,1,5/1/2015,14:22:19,12.25,12.25,The Sicilian Pizza
271,1,5/1/2015,14:22:19,16.5,16.5,The Soppressata Pizza
271,1,5/1/2015,14:22:19,16.75,16.75,The Southwest Chicken Pizza
271,1,5/1/2015,14:22:19,12,12,The Greek Pizza
272,1,5/1/2015,14:24:05,16.5,16.5,The Italian Supreme Pizza
273,1,5/1/2015,14:28:00,12.5,12.5,The Soppressata Pizza
274,1,5/1/2015,14:36:33,17.95,17.95,The Four Cheese Pizza
274,1,5/1/2015,14:36:33,20.75,20.75,The Thai Chicken Pizza
275,1,5/1/2015,14:38:14,20.5,20.5,The Classic Deluxe Pizza
275,1,5/1/2015,14:38:14,18.5,18.5,The Five Cheese Pizza
275,1,5/1/2015,14:38:14,9.75,9.75,The Pepperoni Pizza
275,1,5/1/2015,14:38:14,16.25,16.25,The Sicilian Pizza
276,1,5/1/2015,15:18:18,18.5,18.5,The Five Cheese Pizza
276,1,5/1/2015,15:18:18,20.75,20.75,The Spicy Italian Pizza
277,1,5/1/2015,15:41:50,14.75,14.75,The Four Cheese Pizza
278,1,5/1/2015,15:49:21,16.75,16.75,The Italian Vegetables Pizza
278,1,5/1/2015,15:49:21,20.75,20.75,The Southwest Chicken Pizza
279,1,5/1/2015,16:07:03,16.75,16.75,The California Chicken Pizza
279,1,5/1/2015,16:07:03,16.75,16.75,The Chicken Alfredo Pizza
280,1,5/1/2015,16:20:23,16.5,16.5,The Prosciutto and Arugula Pizza
280,1,5/1/2015,16:20:23,16,16,The Vegetables + Vegetables Pizza
281,1,5/1/2015,16:33:48,12.25,12.25,The Sicilian Pizza
282,1,5/1/2015,16:49:38,12,12,The Classic Deluxe Pizza
282,1,5/1/2015,16:49:38,18.5,18.5,The Five Cheese Pizza
282,1,5/1/2015,16:49:38,20.75,20.75,The Pepper Salami Pizza
282,1,5/1/2015,16:49:38,20.75,20.75,The Spinach Pesto Pizza
283,1,5/1/2015,16:51:43,16,16,The Napolitana Pizza
284,1,5/1/2015,16:58:16,14.75,14.75,The Four Cheese Pizza
284,1,5/1/2015,16:58:16,10.5,10.5,The Hawaiian Pizza
284,1,5/1/2015,16:58:16,16,16,The Napolitana Pizza
285,1,5/1/2015,16:58:38,20.75,20.75,The Prosciutto and Arugula Pizza
286,1,5/1/2015,17:01:23,16.5,16.5,The Italian Supreme Pizza
286,1,5/1/2015,17:01:23,20.75,20.75,The Pepper Salami Pizza
287,1,5/1/2015,17:30:09,16.5,16.5,The Italian Supreme Pizza
287,1,5/1/2015,17:30:09,14.5,14.5,"The Pepperoni, Mushroom, and Peppers Pizza"
287,1,5/1/2015,17:30:09,12.5,12.5,The Pepperoni Pizza
287,1,5/1/2015,17:30:09,12.25,12.25,The Sicilian Pizza
288,1,5/1/2015,17:32:44,23.65,23.65,The Brie Carre Pizza
288,1,5/1/2015,17:32:44,20.75,20.75,The Prosciutto and Arugula Pizza
288,1,5/1/2015,17:32:44,20.75,20.75,The Spinach Supreme Pizza
289,1,5/1/2015,17:36:23,18.5,18.5,The Five Cheese Pizza
290,1,5/1/2015,17:41:16,12,12,The Classic Deluxe Pizza
290,1,5/1/2015,17:41:16,16,16,The Vegetables + Vegetables Pizza
291,1,5/1/2015,17:44:39,20.75,20.75,The Barbecue Chicken Pizza
291,2,5/1/2015,17:44:39,16.75,33.5,The Chicken Alfredo Pizza
291,1,5/1/2015,17:44:39,14.75,14.75,The Four Cheese Pizza
292,1,5/1/2015,17:48:59,16.5,16.5,The Spinach Pesto Pizza
292,1,5/1/2015,17:48:59,20.25,20.25,The Spinach and Feta Pizza
293,1,5/1/2015,17:58:38,12,12,The Classic Deluxe Pizza
293,1,5/1/2015,17:58:38,12.75,12.75,The Italian Vegetables Pizza
294,1,5/1/2015,18:16:35,16.75,16.75,The Barbecue Chicken Pizza
294,1,5/1/2015,18:16:35,20.75,20.75,The Italian Supreme Pizza
294,1,5/1/2015,18:16:35,20.75,20.75,The Thai Chicken Pizza
295,1,5/1/2015,18:20:12,16.75,16.75,The California Chicken Pizza
296,1,5/1/2015,18:46:54,12,12,The Green Garden Pizza
296,1,5/1/2015,18:46:54,12,12,The Italian Capocollo Pizza
296,1,5/1/2015,18:46:54,16.75,16.75,The Thai Chicken Pizza
297,1,5/1/2015,19:02:18,16.75,16.75,The Southwest Chicken Pizza
298,1,5/1/2015,19:10:36,16.75,16.75,The California Chicken Pizza
298,1,5/1/2015,19:10:36,12.75,12.75,The California Chicken Pizza
298,1,5/1/2015,19:10:36,16.75,16.75,The Chicken Alfredo Pizza
298,1,5/1/2015,19:10:36,12,12,The Classic Deluxe Pizza
299,1,5/1/2015,19:34:31,12,12,The Classic Deluxe Pizza
299,1,5/1/2015,19:34:31,16,16,The Spinach and Feta Pizza
300,1,5/1/2015,19:42:54,12,12,The Big Meat Pizza
300,1,5/1/2015,19:42:54,12,12,The Italian Capocollo Pizza
300,1,5/1/2015,19:42:54,12.75,12.75,The Italian Vegetables Pizza
300,1,5/1/2015,19:42:54,12.5,12.5,The Spinach Supreme Pizza
301,1,5/1/2015,19:45:58,20.5,20.5,The Napolitana Pizza
302,1,5/1/2015,19:57:37,20.75,20.75,The Pepper Salami Pizza
303,1,5/1/2015,20:02:51,12,12,The Big Meat Pizza
303,1,5/1/2015,20:02:51,16,16,The Italian Capocollo Pizza
303,1,5/1/2015,20:02:51,9.75,9.75,The Pepperoni Pizza
304,1,5/1/2015,20:07:58,10.5,10.5,The Hawaiian Pizza
304,1,5/1/2015,20:07:58,20.25,20.25,The Mexicana Pizza
305,1,5/1/2015,20:35:40,15.25,15.25,The Pepperoni Pizza
305,1,5/1/2015,20:35:40,12.25,12.25,The Sicilian Pizza
305,1,5/1/2015,20:35:40,16.5,16.5,The Spicy Italian Pizza
306,1,5/1/2015,20:37:40,12,12,The Big Meat Pizza
306,1,5/1/2015,20:37:40,10.5,10.5,The Hawaiian Pizza
306,1,5/1/2015,20:37:40,16,16,The Napolitana Pizza
307,1,5/1/2015,21:45:38,20.5,20.5,The Classic Deluxe Pizza
307,1,5/1/2015,21:45:38,16.75,16.75,The Thai Chicken Pizza
308,1,5/1/2015,21:59:46,16.5,16.5,The Hawaiian Pizza
308,1,5/1/2015,21:59:46,17.5,17.5,"The Pepperoni, Mushroom, and Peppers Pizza"
308,1,5/1/2015,21:59:46,12.75,12.75,The Thai Chicken Pizza
309,1,6/1/2015,11:39:06,18.5,18.5,The Five Cheese Pizza
309,1,6/1/2015,11:39:06,16.5,16.5,The Pepper Salami Pizza
310,1,6/1/2015,11:40:48,10.5,10.5,The Hawaiian Pizza
310,1,6/1/2015,11:40:48,12.75,12.75,The Thai Chicken Pizza
311,1,6/1/2015,11:57:27,20.25,20.25,The Sicilian Pizza
312,1,6/1/2015,12:05:21,12,12,The Big Meat Pizza
312,1,6/1/2015,12:05:21,23.65,23.65,The Brie Carre Pizza
312,1,6/1/2015,12:05:21,16.75,16.75,The Chicken Alfredo Pizza
312,1,6/1/2015,12:05:21,16.25,16.25,The Sicilian Pizza
313,1,6/1/2015,12:09:09,16,16,The Classic Deluxe Pizza
314,1,6/1/2015,12:11:58,16.25,16.25,The Calabrese Pizza
314,1,6/1/2015,12:11:58,18.5,18.5,The Five Cheese Pizza
314,1,6/1/2015,12:11:58,16,16,The Green Garden Pizza
314,1,6/1/2015,12:11:58,13.25,13.25,The Hawaiian Pizza
314,1,6/1/2015,12:11:58,16,16,The Vegetables + Vegetables Pizza
315,1,6/1/2015,12:17:40,16,16,The Classic Deluxe Pizza
316,1,6/1/2015,12:29:34,10.5,10.5,The Hawaiian Pizza
316,1,6/1/2015,12:29:34,16.5,16.5,The Italian Supreme Pizza
317,1,6/1/2015,12:31:00,12.75,12.75,The California Chicken Pizza
317,1,6/1/2015,12:31:00,16,16,The Classic Deluxe Pizza
317,1,6/1/2015,12:31:00,17.95,17.95,The Four Cheese Pizza
317,1,6/1/2015,12:31:00,10.5,10.5,The Hawaiian Pizza
317,1,6/1/2015,12:31:00,17.5,17.5,"The Pepperoni, Mushroom, and Peppers Pizza"
317,1,6/1/2015,12:31:00,12.5,12.5,The Prosciutto and Arugula Pizza
317,1,6/1/2015,12:31:00,12,12,The Spinach and Feta Pizza
318,1,6/1/2015,12:45:14,20.5,20.5,The Italian Capocollo Pizza
318,1,6/1/2015,12:45:14,20.25,20.25,The Mexicana Pizza
318,1,6/1/2015,12:45:14,12.5,12.5,The Soppressata Pizza
318,1,6/1/2015,12:45:14,20.75,20.75,The Spicy Italian Pizza
319,1,6/1/2015,12:46:22,16.5,16.5,The Italian Supreme Pizza
320,1,6/1/2015,12:46:40,16.75,16.75,The California Chicken Pizza
320,1,6/1/2015,12:46:40,20.75,20.75,The Chicken Pesto Pizza
321,1,6/1/2015,12:56:21,20.75,20.75,The Italian Supreme Pizza
322,1,6/1/2015,13:02:13,20.75,20.75,The California Chicken Pizza
322,1,6/1/2015,13:02:13,20.75,20.75,The Chicken Pesto Pizza
322,1,6/1/2015,13:02:13,12,12,The Classic Deluxe Pizza
322,1,6/1/2015,13:02:13,20.75,20.75,The Thai Chicken Pizza
323,1,6/1/2015,13:05:33,16,16,The Classic Deluxe Pizza
324,1,6/1/2015,13:06:44,18.5,18.5,The Five Cheese Pizza
325,1,6/1/2015,13:07:32,12,12,The Classic Deluxe Pizza
325,1,6/1/2015,13:07:32,12,12,The Vegetables + Vegetables Pizza
326,1,6/1/2015,13:10:13,16.75,16.75,The California Chicken Pizza
326,1,6/1/2015,13:10:13,20.75,20.75,The Spinach Supreme Pizza
327,1,6/1/2015,13:10:54,16,16,The Classic Deluxe Pizza
328,1,6/1/2015,13:16:35,20.25,20.25,The Mediterranean Pizza
329,1,6/1/2015,13:22:44,20.75,20.75,The Spicy Italian Pizza
329,1,6/1/2015,13:22:44,16.5,16.5,The Spinach Supreme Pizza
330,1,6/1/2015,13:27:11,12,12,The Big Meat Pizza
330,1,6/1/2015,13:27:11,16.75,16.75,The Chicken Alfredo Pizza
330,1,6/1/2015,13:27:11,16,16,The Classic Deluxe Pizza
330,1,6/1/2015,13:27:11,12,12,The Classic Deluxe Pizza
330,1,6/1/2015,13:27:11,18.5,18.5,The Five Cheese Pizza
330,2,6/1/2015,13:27:11,17.95,35.9,The Four Cheese Pizza
330,1,6/1/2015,13:27:11,16.5,16.5,The Hawaiian Pizza
330,1,6/1/2015,13:27:11,17.5,17.5,"The Pepperoni, Mushroom, and Peppers Pizza"
330,1,6/1/2015,13:27:11,12.5,12.5,The Pepper Salami Pizza
330,1,6/1/2015,13:27:11,20.25,20.25,The Sicilian Pizza
330,1,6/1/2015,13:27:11,20.75,20.75,The Spicy Italian Pizza
330,1,6/1/2015,13:27:11,16.5,16.5,The Spicy Italian Pizza
330,1,6/1/2015,13:27:11,20.25,20.25,The Spinach and Feta Pizza
330,1,6/1/2015,13:27:11,16,16,The Greek Pizza
331,1,6/1/2015,13:43:30,16.5,16.5,The Prosciutto and Arugula Pizza
332,1,6/1/2015,14:12:01,16.25,16.25,The Sicilian Pizza
332,1,6/1/2015,14:12:01,20.75,20.75,The Southwest Chicken Pizza
332,1,6/1/2015,14:12:01,16.75,16.75,The Thai Chicken Pizza
333,1,6/1/2015,14:16:36,16.75,16.75,The Chicken Alfredo Pizza
334,1,6/1/2015,14:24:18,20.25,20.25,The Calabrese Pizza
334,1,6/1/2015,14:24:18,12.5,12.5,The Pepperoni Pizza
334,1,6/1/2015,14:24:18,16.75,16.75,The Southwest Chicken Pizza
334,1,6/1/2015,14:24:18,20.75,20.75,The Thai Chicken Pizza
335,1,6/1/2015,14:24:47,20.25,20.25,The Mediterranean Pizza
336,1,6/1/2015,14:51:41,20.75,20.75,The Prosciutto and Arugula Pizza
337,1,6/1/2015,15:03:12,16.5,16.5,The Hawaiian Pizza
337,1,6/1/2015,15:03:12,15.25,15.25,The Pepperoni Pizza
338,1,6/1/2015,15:18:26,20.25,20.25,The Mexicana Pizza
338,1,6/1/2015,15:18:26,20.75,20.75,The Thai Chicken Pizza
338,1,6/1/2015,15:18:26,25.5,25.5,The Greek Pizza
339,1,6/1/2015,15:25:13,16.5,16.5,The Spicy Italian Pizza
340,1,6/1/2015,15:35:32,12.5,12.5,The Pepper Salami Pizza
341,1,6/1/2015,15:35:47,16.75,16.75,The Barbecue Chicken Pizza
341,1,6/1/2015,15:35:47,9.75,9.75,The Pepperoni Pizza
342,1,6/1/2015,15:44:12,20.25,20.25,The Sicilian Pizza
342,1,6/1/2015,15:44:12,20.75,20.75,The Southwest Chicken Pizza
343,1,6/1/2015,15:45:37,18.5,18.5,The Five Cheese Pizza
343,1,6/1/2015,15:45:37,14.75,14.75,The Four Cheese Pizza
344,1,6/1/2015,16:01:11,16,16,The Italian Capocollo Pizza
345,1,6/1/2015,16:01:47,12.5,12.5,The Pepper Salami Pizza
345,1,6/1/2015,16:01:47,12,12,The Spinach and Feta Pizza
346,1,6/1/2015,16:30:00,12,12,The Green Garden Pizza
346,1,6/1/2015,16:30:00,10.5,10.5,The Hawaiian Pizza
346,1,6/1/2015,16:30:00,20.5,20.5,The Italian Capocollo Pizza
346,1,6/1/2015,16:30:00,12,12,The Napolitana Pizza
347,1,6/1/2015,16:37:17,20.25,20.25,The Spinach and Feta Pizza
347,1,6/1/2015,16:37:17,20.75,20.75,The Thai Chicken Pizza
347,1,6/1/2015,16:37:17,16,16,The Vegetables + Vegetables Pizza
348,1,6/1/2015,16:49:12,16,16,The Classic Deluxe Pizza
348,1,6/1/2015,16:49:12,20.75,20.75,The Thai Chicken Pizza
348,1,6/1/2015,16:49:12,12.75,12.75,The Thai Chicken Pizza
349,1,6/1/2015,17:25:58,15.25,15.25,The Pepperoni Pizza
350,1,6/1/2015,17:37:05,20.5,20.5,The Classic Deluxe Pizza
350,2,6/1/2015,17:37:05,12.5,25,The Pepperoni Pizza
350,1,6/1/2015,17:37:05,12.5,12.5,The Spicy Italian Pizza
351,1,6/1/2015,17:37:29,12,12,The Big Meat Pizza
351,1,6/1/2015,17:37:29,13.25,13.25,The Hawaiian Pizza
352,1,6/1/2015,17:45:48,12,12,The Big Meat Pizza
352,1,6/1/2015,17:45:48,20.5,20.5,The Italian Capocollo Pizza
353,1,6/1/2015,17:59:48,20.75,20.75,The Barbecue Chicken Pizza
353,1,6/1/2015,17:59:48,20.75,20.75,The California Chicken Pizza
353,1,6/1/2015,17:59:48,12.5,12.5,The Prosciutto and Arugula Pizza
354,1,6/1/2015,18:01:44,12,12,The Green Garden Pizza
354,1,6/1/2015,18:01:44,20.25,20.25,The Vegetables + Vegetables Pizza
355,1,6/1/2015,18:14:45,16.75,16.75,The Chicken Alfredo Pizza
355,1,6/1/2015,18:14:45,16.5,16.5,The Italian Supreme Pizza
356,1,6/1/2015,18:16:05,16.75,16.75,The Chicken Alfredo Pizza
357,1,6/1/2015,18:27:58,20.75,20.75,The California Chicken Pizza
357,1,6/1/2015,18:27:58,12.75,12.75,The Southwest Chicken Pizza
357,1,6/1/2015,18:27:58,12,12,The Spinach and Feta Pizza
358,1,6/1/2015,18:30:12,16.5,16.5,The Italian Supreme Pizza
359,1,6/1/2015,18:33:08,16,16,The Green Garden Pizza
359,1,6/1/2015,18:33:08,20.75,20.75,The Thai Chicken Pizza
360,1,6/1/2015,18:50:38,20.75,20.75,The Barbecue Chicken Pizza
360,1,6/1/2015,18:50:38,12,12,The Green Garden Pizza
360,1,6/1/2015,18:50:38,10.5,10.5,The Hawaiian Pizza
361,2,6/1/2015,19:12:38,12,24,The Big Meat Pizza
361,1,6/1/2015,19:12:38,12,12,The Italian Capocollo Pizza
362,1,6/1/2015,19:13:36,16.75,16.75,The Barbecue Chicken Pizza
362,1,6/1/2015,19:13:36,20.25,20.25,The Mexicana Pizza
363,1,6/1/2015,19:20:31,20.25,20.25,The Mediterranean Pizza
363,1,6/1/2015,19:20:31,20.25,20.25,The Mexicana Pizza
364,1,6/1/2015,19:27:24,16.5,16.5,The Italian Supreme Pizza
364,1,6/1/2015,19:27:24,25.5,25.5,The Greek Pizza
365,1,6/1/2015,19:37:26,14.75,14.75,The Four Cheese Pizza
365,1,6/1/2015,19:37:26,20.25,20.25,The Mediterranean Pizza
365,1,6/1/2015,19:37:26,12.5,12.5,The Pepperoni Pizza
366,1,6/1/2015,20:04:20,20.5,20.5,The Italian Capocollo Pizza
367,1,6/1/2015,20:05:12,16.5,16.5,The Hawaiian Pizza
367,1,6/1/2015,20:05:12,16,16,The Spinach and Feta Pizza
368,1,6/1/2015,20:28:16,16.5,16.5,The Spinach Pesto Pizza
368,1,6/1/2015,20:28:16,20.75,20.75,The Thai Chicken Pizza
369,1,6/1/2015,20:30:06,16,16,The Spinach and Feta Pizza
370,1,6/1/2015,21:02:30,17.95,17.95,The Four Cheese Pizza
370,1,6/1/2015,21:02:30,10.5,10.5,The Hawaiian Pizza
371,1,6/1/2015,21:15:20,12.5,12.5,The Pepperoni Pizza
372,1,6/1/2015,22:26:59,12,12,The Spinach and Feta Pizza
373,1,7/1/2015,11:45:18,12.75,12.75,The Chicken Pesto Pizza
373,1,7/1/2015,11:45:18,16,16,The Classic Deluxe Pizza
373,1,7/1/2015,11:45:18,20.25,20.25,The Sicilian Pizza
374,1,7/1/2015,11:55:59,12,12,The Big Meat Pizza
374,1,7/1/2015,11:55:59,16.75,16.75,The Chicken Alfredo Pizza
374,1,7/1/2015,11:55:59,12.5,12.5,The Pepper Salami Pizza
375,1,7/1/2015,11:58:36,16,16,The Mexicana Pizza
376,1,7/1/2015,12:01:17,25.5,25.5,The Greek Pizza
376,1,7/1/2015,12:01:17,20.25,20.25,The Vegetables + Vegetables Pizza
377,1,7/1/2015,12:03:18,13.25,13.25,The Hawaiian Pizza
377,1,7/1/2015,12:03:18,20.75,20.75,The Thai Chicken Pizza
378,1,7/1/2015,12:19:37,12.75,12.75,The Italian Vegetables Pizza
379,1,7/1/2015,12:25:37,20.75,20.75,The Thai Chicken Pizza
380,1,7/1/2015,12:32:10,16.25,16.25,The Calabrese Pizza
380,1,7/1/2015,12:32:10,16.75,16.75,The California Chicken Pizza
381,1,7/1/2015,12:33:06,16.75,16.75,The Southwest Chicken Pizza
382,1,7/1/2015,12:33:07,12.75,12.75,The Thai Chicken Pizza
382,1,7/1/2015,12:33:07,16,16,The Vegetables + Vegetables Pizza
383,1,7/1/2015,12:43:59,16.5,16.5,The Spicy Italian Pizza
384,1,7/1/2015,12:51:46,10.5,10.5,The Hawaiian Pizza
384,1,7/1/2015,12:51:46,16,16,The Italian Capocollo Pizza
384,1,7/1/2015,12:51:46,16,16,The Mediterranean Pizza
384,1,7/1/2015,12:51:46,12,12,The Greek Pizza
385,1,7/1/2015,12:54:19,20.25,20.25,The Vegetables + Vegetables Pizza
386,1,7/1/2015,12:58:16,12.75,12.75,The Italian Vegetables Pizza
386,1,7/1/2015,12:58:16,16.5,16.5,The Soppressata Pizza
386,1,7/1/2015,12:58:16,16.75,16.75,The Thai Chicken Pizza
387,1,7/1/2015,13:03:14,12.75,12.75,The Barbecue Chicken Pizza
387,1,7/1/2015,13:03:14,12,12,The Big Meat Pizza
387,1,7/1/2015,13:03:14,16.75,16.75,The Chicken Pesto Pizza
387,1,7/1/2015,13:03:14,18.5,18.5,The Five Cheese Pizza
387,1,7/1/2015,13:03:14,9.75,9.75,The Pepperoni Pizza
387,1,7/1/2015,13:03:14,20.75,20.75,The Spicy Italian Pizza
387,1,7/1/2015,13:03:14,12,12,The Spinach and Feta Pizza
388,1,7/1/2015,13:04:56,12.75,12.75,The Barbecue Chicken Pizza
388,1,7/1/2015,13:04:56,16.75,16.75,The Chicken Alfredo Pizza
388,1,7/1/2015,13:04:56,16,16,The Mediterranean Pizza
388,1,7/1/2015,13:04:56,12,12,The Vegetables + Vegetables Pizza
389,1,7/1/2015,13:10:17,20.75,20.75,The Spinach Pesto Pizza
390,1,7/1/2015,13:15:32,17.5,17.5,"The Pepperoni, Mushroom, and Peppers Pizza"
391,1,7/1/2015,13:25:31,16,16,The Greek Pizza
392,1,7/1/2015,13:36:47,12,12,The Big Meat Pizza
392,1,7/1/2015,13:36:47,12.25,12.25,The Calabrese Pizza
392,1,7/1/2015,13:36:47,20.75,20.75,The California Chicken Pizza
392,2,7/1/2015,13:36:47,9.75,19.5,The Pepperoni Pizza
392,1,7/1/2015,13:36:47,20.75,20.75,The Prosciutto and Arugula Pizza
392,1,7/1/2015,13:36:47,20.25,20.25,The Sicilian Pizza
392,1,7/1/2015,13:36:47,20.75,20.75,The Soppressata Pizza
392,1,7/1/2015,13:36:47,20.75,20.75,The Spicy Italian Pizza
393,1,7/1/2015,13:48:31,12,12,The Green Garden Pizza
393,1,7/1/2015,13:48:31,16.5,16.5,The Hawaiian Pizza
394,1,7/1/2015,14:02:18,12,12,The Big Meat Pizza
394,1,7/1/2015,14:02:18,12.75,12.75,The Chicken Pesto Pizza
394,1,7/1/2015,14:02:18,16.5,16.5,The Hawaiian Pizza
394,1,7/1/2015,14:02:18,10.5,10.5,The Hawaiian Pizza
394,1,7/1/2015,14:02:18,17.5,17.5,"The Pepperoni, Mushroom, and Peppers Pizza"
394,3,7/1/2015,14:02:18,12.5,37.5,The Pepperoni Pizza
394,1,7/1/2015,14:02:18,9.75,9.75,The Pepperoni Pizza
394,1,7/1/2015,14:02:18,20.25,20.25,The Sicilian Pizza
394,1,7/1/2015,14:02:18,20.75,20.75,The Spicy Italian Pizza
394,1,7/1/2015,14:02:18,12.5,12.5,The Spinach Pesto Pizza
394,1,7/1/2015,14:02:18,20.75,20.75,The Thai Chicken Pizza
394,1,7/1/2015,14:02:18,12,12,The Vegetables + Vegetables Pizza
395,1,7/1/2015,14:11:08,16,16,The Napolitana Pizza
396,1,7/1/2015,14:12:21,12,12,The Spinach and Feta Pizza
397,2,7/1/2015,14:31:10,18.5,37,The Five Cheese Pizza
397,1,7/1/2015,14:31:10,16.5,16.5,The Hawaiian Pizza
397,1,7/1/2015,14:31:10,12.5,12.5,The Pepperoni Pizza
398,1,7/1/2015,14:56:26,9.75,9.75,The Pepperoni Pizza
399,1,7/1/2015,15:47:49,16.75,16.75,The Barbecue Chicken Pizza
399,1,7/1/2015,15:47:49,20.75,20.75,The California Chicken Pizza
399,1,7/1/2015,15:47:49,14.75,14.75,The Four Cheese Pizza
399,1,7/1/2015,15:47:49,16,16,The Greek Pizza
400,1,7/1/2015,16:03:07,12.5,12.5,The Pepperoni Pizza
400,1,7/1/2015,16:03:07,20.75,20.75,The Thai Chicken Pizza
401,1,7/1/2015,16:08:35,16,16,The Vegetables + Vegetables Pizza
402,1,7/1/2015,16:24:46,17.95,17.95,The Four Cheese Pizza
402,1,7/1/2015,16:24:46,16.5,16.5,The Italian Supreme Pizza
403,1,7/1/2015,16:26:10,12.75,12.75,The Barbecue Chicken Pizza
403,1,7/1/2015,16:26:10,20.5,20.5,The Classic Deluxe Pizza
403,1,7/1/2015,16:26:10,12.5,12.5,The Prosciutto and Arugula Pizza
404,1,7/1/2015,16:39:27,20.75,20.75,The Chicken Pesto Pizza
405,1,7/1/2015,16:44:16,20.25,20.25,The Sicilian Pizza
406,1,7/1/2015,16:50:49,16.75,16.75,The Chicken Alfredo Pizza
406,1,7/1/2015,16:50:49,16,16,The Classic Deluxe Pizza
406,1,7/1/2015,16:50:49,12.75,12.75,The Italian Vegetables Pizza
407,1,7/1/2015,16:56:42,16.75,16.75,The California Chicken Pizza
407,1,7/1/2015,16:56:42,20.5,20.5,The Classic Deluxe Pizza
407,1,7/1/2015,16:56:42,12.5,12.5,The Pepperoni Pizza
408,1,7/1/2015,17:09:09,23.65,23.65,The Brie Carre Pizza
408,1,7/1/2015,17:09:09,16.5,16.5,The Pepper Salami Pizza
409,1,7/1/2015,17:15:04,15.25,15.25,The Pepperoni Pizza
410,2,7/1/2015,17:33:49,12,24,The Big Meat Pizza
410,1,7/1/2015,17:33:49,16,16,The Mediterranean Pizza
410,1,7/1/2015,17:33:49,25.5,25.5,The Greek Pizza
411,1,7/1/2015,17:58:09,16.5,16.5,The Italian Supreme Pizza
411,1,7/1/2015,17:58:09,20.75,20.75,The Southwest Chicken Pizza
412,1,7/1/2015,18:07:46,23.65,23.65,The Brie Carre Pizza
412,1,7/1/2015,18:07:46,16.5,16.5,The Spinach Supreme Pizza
413,1,7/1/2015,18:11:32,12,12,The Greek Pizza
414,1,7/1/2015,18:13:22,12,12,The Classic Deluxe Pizza
414,1,7/1/2015,18:13:22,18.5,18.5,The Five Cheese Pizza
414,1,7/1/2015,18:13:22,16.5,16.5,The Italian Supreme Pizza
415,1,7/1/2015,18:16:23,12.75,12.75,The California Chicken Pizza
416,1,7/1/2015,18:17:42,20.25,20.25,The Spinach and Feta Pizza
417,1,7/1/2015,18:24:40,9.75,9.75,The Pepperoni Pizza
418,1,7/1/2015,18:40:11,16.75,16.75,The Chicken Pesto Pizza
418,1,7/1/2015,18:40:11,16.25,16.25,The Sicilian Pizza
419,1,7/1/2015,19:02:31,20.75,20.75,The Barbecue Chicken Pizza
419,1,7/1/2015,19:02:31,16.5,16.5,The Hawaiian Pizza
419,1,7/1/2015,19:02:31,16.75,16.75,The Italian Vegetables Pizza
419,1,7/1/2015,19:02:31,12,12,The Vegetables + Vegetables Pizza
420,1,7/1/2015,19:04:40,18.5,18.5,The Five Cheese Pizza
420,1,7/1/2015,19:04:40,11,11,"The Pepperoni, Mushroom, and Peppers Pizza"
421,1,7/1/2015,19:21:58,20.75,20.75,The Barbecue Chicken Pizza
421,1,7/1/2015,19:21:58,20.25,20.25,The Calabrese Pizza
421,1,7/1/2015,19:21:58,12.75,12.75,The Chicken Pesto Pizza
422,1,7/1/2015,19:30:25,17.95,17.95,The Four Cheese Pizza
422,1,7/1/2015,19:30:25,16.5,16.5,The Italian Supreme Pizza
422,1,7/1/2015,19:30:25,16,16,The Spinach and Feta Pizza
423,1,7/1/2015,19:45:07,20.75,20.75,The Italian Supreme Pizza
423,1,7/1/2015,19:45:07,12.25,12.25,The Sicilian Pizza
424,1,7/1/2015,20:01:28,12.5,12.5,The Pepperoni Pizza
425,1,7/1/2015,20:21:19,16.5,16.5,The Soppressata Pizza
426,1,7/1/2015,20:25:45,16,16,The Classic Deluxe Pizza
426,1,7/1/2015,20:25:45,12.25,12.25,The Sicilian Pizza
426,1,7/1/2015,20:25:45,16.5,16.5,The Soppressata Pizza
427,1,7/1/2015,21:49:00,20.25,20.25,The Spinach and Feta Pizza
428,1,7/1/2015,22:05:00,20.25,20.25,The Calabrese Pizza
428,1,7/1/2015,22:05:00,12,12,The Italian Capocollo Pizza
429,1,7/1/2015,22:16:53,16.5,16.5,The Spicy Italian Pizza
430,1,7/1/2015,22:46:13,16,16,The Green Garden Pizza
430,1,7/1/2015,22:46:13,12.25,12.25,The Sicilian Pizza
431,1,8/1/2015,11:17:13,12,12,The Big Meat Pizza
431,1,8/1/2015,11:17:13,12.75,12.75,The Chicken Alfredo Pizza
431,1,8/1/2015,11:17:13,17.95,17.95,The Four Cheese Pizza
431,1,8/1/2015,11:17:13,16.5,16.5,The Hawaiian Pizza
432,1,8/1/2015,11:39:07,12,12,The Italian Capocollo Pizza
432,1,8/1/2015,11:39:07,20.75,20.75,The Thai Chicken Pizza
432,1,8/1/2015,11:39:07,12,12,The Vegetables + Vegetables Pizza
433,1,8/1/2015,11:49:50,20.75,20.75,The Spicy Italian Pizza
434,1,8/1/2015,11:54:14,16,16,The Napolitana Pizza
434,1,8/1/2015,11:54:14,20.75,20.75,The Spicy Italian Pizza
434,1,8/1/2015,11:54:14,20.25,20.25,The Vegetables + Vegetables Pizza
435,1,8/1/2015,12:06:09,16,16,The Classic Deluxe Pizza
435,1,8/1/2015,12:06:09,14.5,14.5,"The Pepperoni, Mushroom, and Peppers Pizza"
435,1,8/1/2015,12:06:09,12.5,12.5,The Spinach Supreme Pizza
436,1,8/1/2015,12:07:21,20.5,20.5,The Classic Deluxe Pizza
436,1,8/1/2015,12:07:21,16.5,16.5,The Italian Supreme Pizza
436,1,8/1/2015,12:07:21,11,11,"The Pepperoni, Mushroom, and Peppers Pizza"
436,1,8/1/2015,12:07:21,12.5,12.5,The Pepper Salami Pizza
437,1,8/1/2015,12:07:54,16.75,16.75,The Barbecue Chicken Pizza
438,1,8/1/2015,12:08:38,16,16,The Vegetables + Vegetables Pizza
439,1,8/1/2015,12:13:08,16.75,16.75,The Chicken Alfredo Pizza
439,1,8/1/2015,12:13:08,12.5,12.5,The Pepperoni Pizza
439,1,8/1/2015,12:13:08,12,12,The Greek Pizza
440,1,8/1/2015,12:16:34,16.25,16.25,The Calabrese Pizza
440,1,8/1/2015,12:16:34,16.75,16.75,The Chicken Alfredo Pizza
440,1,8/1/2015,12:16:34,18.5,18.5,The Five Cheese Pizza
440,1,8/1/2015,12:16:34,17.95,17.95,The Four Cheese Pizza
440,1,8/1/2015,12:16:34,14.75,14.75,The Four Cheese Pizza
440,1,8/1/2015,12:16:34,20.25,20.25,The Green Garden Pizza
440,1,8/1/2015,12:16:34,16,16,The Green Garden Pizza
440,1,8/1/2015,12:16:34,16.5,16.5,The Hawaiian Pizza
440,1,8/1/2015,12:16:34,21,21,The Italian Vegetables Pizza
440,1,8/1/2015,12:16:34,15.25,15.25,The Pepperoni Pizza
440,1,8/1/2015,12:16:34,20.75,20.75,The Spicy Italian Pizza
440,1,8/1/2015,12:16:34,12,12,The Spinach and Feta Pizza
440,1,8/1/2015,12:16:34,20.75,20.75,The Thai Chicken Pizza
440,1,8/1/2015,12:16:34,16,16,The Vegetables + Vegetables Pizza
441,1,8/1/2015,12:16:58,20.75,20.75,The Spicy Italian Pizza
441,1,8/1/2015,12:16:58,20.75,20.75,The Thai Chicken Pizza
442,1,8/1/2015,12:28:49,20.75,20.75,The Pepper Salami Pizza
443,1,8/1/2015,12:34:20,12,12,The Big Meat Pizza
443,2,8/1/2015,12:34:20,16.75,33.5,The California Chicken Pizza
443,1,8/1/2015,12:34:20,17.95,17.95,The Four Cheese Pizza
443,1,8/1/2015,12:34:20,16,16,The Italian Capocollo Pizza
443,1,8/1/2015,12:34:20,16.75,16.75,The Italian Vegetables Pizza
443,1,8/1/2015,12:34:20,20.25,20.25,The Mexicana Pizza
443,1,8/1/2015,12:34:20,15.25,15.25,The Pepperoni Pizza
443,1,8/1/2015,12:34:20,20.25,20.25,The Sicilian Pizza
443,1,8/1/2015,12:34:20,16.25,16.25,The Sicilian Pizza
443,1,8/1/2015,12:34:20,16.75,16.75,The Southwest Chicken Pizza
443,1,8/1/2015,12:34:20,20.75,20.75,The Spicy Italian Pizza
443,1,8/1/2015,12:34:20,12.5,12.5,The Spicy Italian Pizza
443,1,8/1/2015,12:34:20,16.5,16.5,The Spinach Supreme Pizza
443,1,8/1/2015,12:34:20,16.75,16.75,The Thai Chicken Pizza
444,1,8/1/2015,12:40:05,14.75,14.75,The Four Cheese Pizza
445,1,8/1/2015,12:57:39,16.5,16.5,The Hawaiian Pizza
446,1,8/1/2015,12:58:01,12,12,The Big Meat Pizza
446,1,8/1/2015,12:58:01,16.75,16.75,The Italian Vegetables Pizza
446,1,8/1/2015,12:58:01,20.25,20.25,The Sicilian Pizza
447,1,8/1/2015,13:02:00,18.5,18.5,The Five Cheese Pizza
448,1,8/1/2015,13:03:34,10.5,10.5,The Hawaiian Pizza
448,1,8/1/2015,13:03:34,14.5,14.5,"The Pepperoni, Mushroom, and Peppers Pizza"
448,1,8/1/2015,13:03:34,16.25,16.25,The Sicilian Pizza
449,1,8/1/2015,13:04:15,20.75,20.75,The Thai Chicken Pizza
450,1,8/1/2015,13:07:53,12,12,The Big Meat Pizza
451,1,8/1/2015,13:19:06,18.5,18.5,The Five Cheese Pizza
451,1,8/1/2015,13:19:06,16,16,The Italian Capocollo Pizza
451,1,8/1/2015,13:19:06,20.75,20.75,The Southwest Chicken Pizza
452,1,8/1/2015,13:24:11,16.75,16.75,The Barbecue Chicken Pizza
452,1,8/1/2015,13:24:11,12,12,The Big Meat Pizza
452,1,8/1/2015,13:24:11,16.25,16.25,The Sicilian Pizza
453,1,8/1/2015,13:27:14,12.75,12.75,The California Chicken Pizza
453,1,8/1/2015,13:27:14,17.95,17.95,The Four Cheese Pizza
453,1,8/1/2015,13:27:14,16.25,16.25,The Sicilian Pizza
453,1,8/1/2015,13:27:14,20.75,20.75,The Thai Chicken Pizza
454,1,8/1/2015,13:31:40,16.5,16.5,The Spicy Italian Pizza
455,1,8/1/2015,13:39:14,20.75,20.75,The Italian Supreme Pizza
456,1,8/1/2015,13:47:53,20.25,20.25,The Spinach and Feta Pizza
457,1,8/1/2015,13:59:04,20.75,20.75,The California Chicken Pizza
457,1,8/1/2015,13:59:04,16.75,16.75,The Chicken Alfredo Pizza
457,1,8/1/2015,13:59:04,16,16,The Classic Deluxe Pizza
458,1,8/1/2015,14:00:05,16.5,16.5,The Prosciutto and Arugula Pizza
458,1,8/1/2015,14:00:05,16.5,16.5,The Spinach Supreme Pizza
458,1,8/1/2015,14:00:05,12,12,The Greek Pizza
459,1,8/1/2015,14:14:02,20.75,20.75,The Spicy Italian Pizza
460,1,8/1/2015,14:19:58,12,12,The Green Garden Pizza
460,1,8/1/2015,14:19:58,16.5,16.5,The Italian Supreme Pizza
461,1,8/1/2015,14:21:19,16.75,16.75,The California Chicken Pizza
461,1,8/1/2015,14:21:19,10.5,10.5,The Hawaiian Pizza
462,1,8/1/2015,14:38:41,12,12,The Spinach and Feta Pizza
463,1,8/1/2015,14:40:28,20.75,20.75,The Barbecue Chicken Pizza
463,1,8/1/2015,14:40:28,16.5,16.5,The Prosciutto and Arugula Pizza
464,1,8/1/2015,14:49:01,20.75,20.75,The Barbecue Chicken Pizza
464,1,8/1/2015,14:49:01,16.25,16.25,The Calabrese Pizza
465,1,8/1/2015,14:55:23,12,12,The Napolitana Pizza
466,1,8/1/2015,15:30:10,20.25,20.25,The Spinach and Feta Pizza
466,1,8/1/2015,15:30:10,25.5,25.5,The Greek Pizza
467,1,8/1/2015,15:33:13,12.5,12.5,The Prosciutto and Arugula Pizza
468,1,8/1/2015,15:36:12,17.95,17.95,The Four Cheese Pizza
468,1,8/1/2015,15:36:12,15.25,15.25,The Pepperoni Pizza
469,1,8/1/2015,15:37:18,16.75,16.75,The Barbecue Chicken Pizza
469,1,8/1/2015,15:37:18,12.25,12.25,The Sicilian Pizza
470,1,8/1/2015,15:49:13,12,12,The Vegetables + Vegetables Pizza
471,1,8/1/2015,16:20:26,12.75,12.75,The Italian Vegetables Pizza
472,1,8/1/2015,16:29:50,21,21,The Italian Vegetables Pizza
472,1,8/1/2015,16:29:50,16.75,16.75,The Italian Vegetables Pizza
473,1,8/1/2015,16:41:27,16.5,16.5,The Hawaiian Pizza
473,1,8/1/2015,16:41:27,16.5,16.5,The Prosciutto and Arugula Pizza
473,1,8/1/2015,16:41:27,16.75,16.75,The Southwest Chicken Pizza
474,1,8/1/2015,16:47:48,12,12,The Green Garden Pizza
474,1,8/1/2015,16:47:48,9.75,9.75,The Pepperoni Pizza
475,1,8/1/2015,17:15:17,12,12,The Big Meat Pizza
475,1,8/1/2015,17:15:17,20.75,20.75,The Thai Chicken Pizza
476,1,8/1/2015,17:27:56,12.5,12.5,The Pepperoni Pizza
476,1,8/1/2015,17:27:56,20.75,20.75,The Prosciutto and Arugula Pizza
476,1,8/1/2015,17:27:56,16,16,The Vegetables + Vegetables Pizza
477,1,8/1/2015,17:30:04,16,16,The Green Garden Pizza
477,1,8/1/2015,17:30:04,16,16,The Mexicana Pizza
478,1,8/1/2015,17:35:56,16.25,16.25,The Calabrese Pizza
478,1,8/1/2015,17:35:56,16.75,16.75,The Chicken Alfredo Pizza
479,1,8/1/2015,17:37:03,18.5,18.5,The Five Cheese Pizza
479,2,8/1/2015,17:37:03,20.5,41,The Italian Capocollo Pizza
480,1,8/1/2015,17:41:31,12.5,12.5,The Pepperoni Pizza
481,1,8/1/2015,17:41:37,9.75,9.75,The Pepperoni Pizza
481,1,8/1/2015,17:41:37,12,12,The Spinach and Feta Pizza
482,1,8/1/2015,17:52:42,20.25,20.25,The Green Garden Pizza
482,1,8/1/2015,17:52:42,16.5,16.5,The Italian Supreme Pizza
482,1,8/1/2015,17:52:42,12.5,12.5,The Spicy Italian Pizza
483,1,8/1/2015,17:54:05,20.75,20.75,The Barbecue Chicken Pizza
483,1,8/1/2015,17:54:05,12,12,The Napolitana Pizza
483,1,8/1/2015,17:54:05,11,11,"The Pepperoni, Mushroom, and Peppers Pizza"
483,1,8/1/2015,17:54:05,16.5,16.5,The Spicy Italian Pizza
484,1,8/1/2015,18:02:54,17.95,17.95,The Four Cheese Pizza
484,1,8/1/2015,18:02:54,20.25,20.25,The Mexicana Pizza
485,1,8/1/2015,18:07:31,16.75,16.75,The California Chicken Pizza
486,1,8/1/2015,18:15:08,12.5,12.5,The Spinach Supreme Pizza
487,1,8/1/2015,18:30:16,10.5,10.5,The Hawaiian Pizza
487,1,8/1/2015,18:30:16,20.25,20.25,The Sicilian Pizza
487,1,8/1/2015,18:30:16,20.25,20.25,The Spinach and Feta Pizza
488,1,8/1/2015,18:46:02,16,16,The Vegetables + Vegetables Pizza
489,1,8/1/2015,18:48:43,20.75,20.75,The Pepper Salami Pizza
490,1,8/1/2015,18:49:24,12,12,The Big Meat Pizza
490,1,8/1/2015,18:49:24,16,16,The Classic Deluxe Pizza
490,1,8/1/2015,18:49:24,16,16,The Napolitana Pizza
491,1,8/1/2015,19:01:12,12,12,The Napolitana Pizza
491,1,8/1/2015,19:01:12,15.25,15.25,The Pepperoni Pizza
491,1,8/1/2015,19:01:12,20.75,20.75,The Pepper Salami Pizza
491,1,8/1/2015,19:01:12,16.5,16.5,The Prosciutto and Arugula Pizza
492,1,8/1/2015,19:06:21,20.75,20.75,The Chicken Pesto Pizza
492,1,8/1/2015,19:06:21,16.25,16.25,The Sicilian Pizza
492,1,8/1/2015,19:06:21,16,16,The Spinach and Feta Pizza
493,1,8/1/2015,19:31:47,20.75,20.75,The Italian Supreme Pizza
494,1,8/1/2015,19:38:40,18.5,18.5,The Five Cheese Pizza
494,1,8/1/2015,19:38:40,17.95,17.95,The Four Cheese Pizza
494,1,8/1/2015,19:38:40,20.25,20.25,The Mexicana Pizza
494,1,8/1/2015,19:38:40,20.75,20.75,The Southwest Chicken Pizza
495,1,8/1/2015,19:42:52,16.5,16.5,The Italian Supreme Pizza
495,1,8/1/2015,19:42:52,20.25,20.25,The Sicilian Pizza
496,1,8/1/2015,19:46:18,16.5,16.5,The Hawaiian Pizza
496,1,8/1/2015,19:46:18,12.5,12.5,The Soppressata Pizza
497,1,8/1/2015,19:49:26,12,12,The Vegetables + Vegetables Pizza
498,1,8/1/2015,20:02:25,16.5,16.5,The Italian Supreme Pizza
499,1,8/1/2015,21:10:46,12.25,12.25,The Calabrese Pizza
499,1,8/1/2015,21:10:46,17.95,17.95,The Four Cheese Pizza
499,1,8/1/2015,21:10:46,16,16,The Mexicana Pizza
499,1,8/1/2015,21:10:46,14.5,14.5,"The Pepperoni, Mushroom, and Peppers Pizza"
500,1,8/1/2015,21:46:49,16,16,The Mediterranean Pizza
501,1,8/1/2015,21:51:31,12.75,12.75,The California Chicken Pizza
501,1,8/1/2015,21:51:31,10.5,10.5,The Hawaiian Pizza
501,1,8/1/2015,21:51:31,20.75,20.75,The Southwest Chicken Pizza
502,1,8/1/2015,22:26:08,16.75,16.75,The Italian Vegetables Pizza
503,1,9/1/2015,11:16:21,15.25,15.25,The Pepperoni Pizza
503,1,9/1/2015,11:16:21,16.25,16.25,The Sicilian Pizza
504,1,9/1/2015,11:48:18,20.5,20.5,The Greek Pizza
505,1,9/1/2015,11:55:10,12.5,12.5,The Pepperoni Pizza
505,1,9/1/2015,11:55:10,25.5,25.5,The Greek Pizza
506,1,9/1/2015,12:02:09,16,16,The Spinach and Feta Pizza
507,1,9/1/2015,12:06:03,12.75,12.75,The Chicken Pesto Pizza
508,1,9/1/2015,12:13:32,16.75,16.75,The California Chicken Pizza
508,1,9/1/2015,12:13:32,12.75,12.75,The California Chicken Pizza
508,1,9/1/2015,12:13:32,12.5,12.5,The Pepperoni Pizza
509,1,9/1/2015,12:13:58,20.75,20.75,The Spicy Italian Pizza
510,1,9/1/2015,12:15:03,16,16,The Classic Deluxe Pizza
510,1,9/1/2015,12:15:03,12,12,The Classic Deluxe Pizza
510,1,9/1/2015,12:15:03,20.75,20.75,The Italian Supreme Pizza
510,1,9/1/2015,12:15:03,20.75,20.75,The Spicy Italian Pizza
511,1,9/1/2015,12:18:21,18.5,18.5,The Five Cheese Pizza
512,1,9/1/2015,12:19:24,16.75,16.75,The Italian Vegetables Pizza
513,1,9/1/2015,12:22:48,17.95,17.95,The Four Cheese Pizza
513,1,9/1/2015,12:22:48,16.75,16.75,The Italian Vegetables Pizza
513,1,9/1/2015,12:22:48,15.25,15.25,The Pepperoni Pizza
513,1,9/1/2015,12:22:48,20.75,20.75,The Thai Chicken Pizza
514,1,9/1/2015,12:26:47,12,12,The Classic Deluxe Pizza
515,1,9/1/2015,13:07:37,20.75,20.75,The Chicken Pesto Pizza
515,1,9/1/2015,13:07:37,20.25,20.25,The Mediterranean Pizza
516,1,9/1/2015,13:09:09,20.5,20.5,The Napolitana Pizza
516,1,9/1/2015,13:09:09,20.25,20.25,The Vegetables + Vegetables Pizza
517,1,9/1/2015,13:09:11,16,16,The Mexicana Pizza
518,1,9/1/2015,13:11:25,12,12,The Big Meat Pizza
518,1,9/1/2015,13:11:25,20.75,20.75,The Prosciutto and Arugula Pizza
518,1,9/1/2015,13:11:25,12.25,12.25,The Sicilian Pizza
519,1,9/1/2015,13:15:20,12.5,12.5,The Prosciutto and Arugula Pizza
520,1,9/1/2015,13:22:33,20.75,20.75,The Spinach Pesto Pizza
521,1,9/1/2015,13:43:07,12.75,12.75,The Thai Chicken Pizza
522,1,9/1/2015,14:09:33,12.75,12.75,The Barbecue Chicken Pizza
522,1,9/1/2015,14:09:33,12,12,The Big Meat Pizza
522,1,9/1/2015,14:09:33,12,12,The Classic Deluxe Pizza
522,1,9/1/2015,14:09:33,18.5,18.5,The Five Cheese Pizza
522,2,9/1/2015,14:09:33,17.95,35.9,The Four Cheese Pizza
522,1,9/1/2015,14:09:33,12,12,The Green Garden Pizza
522,2,9/1/2015,14:09:33,16,32,The Italian Capocollo Pizza
522,1,9/1/2015,14:09:33,21,21,The Italian Vegetables Pizza
522,1,9/1/2015,14:09:33,20.25,20.25,The Sicilian Pizza
522,1,9/1/2015,14:09:33,20.5,20.5,The Greek Pizza
522,1,9/1/2015,14:09:33,16,16,The Greek Pizza
523,1,9/1/2015,14:42:14,16.5,16.5,The Prosciutto and Arugula Pizza
524,1,9/1/2015,14:51:35,12.25,12.25,The Sicilian Pizza
524,1,9/1/2015,14:51:35,16.75,16.75,The Thai Chicken Pizza
525,1,9/1/2015,15:08:46,15.25,15.25,The Pepperoni Pizza
526,1,9/1/2015,15:10:13,20.75,20.75,The California Chicken Pizza
526,1,9/1/2015,15:10:13,18.5,18.5,The Five Cheese Pizza
527,1,9/1/2015,15:23:37,17.95,17.95,The Four Cheese Pizza
527,1,9/1/2015,15:23:37,20.75,20.75,The Southwest Chicken Pizza
528,1,9/1/2015,15:27:21,16,16,The Italian Capocollo Pizza
529,1,9/1/2015,15:31:01,16.25,16.25,The Calabrese Pizza
529,2,9/1/2015,15:31:01,16.75,33.5,The California Chicken Pizza
529,1,9/1/2015,15:31:01,10.5,10.5,The Hawaiian Pizza
530,1,9/1/2015,15:43:01,20.5,20.5,The Classic Deluxe Pizza
530,1,9/1/2015,15:43:01,16.5,16.5,The Italian Supreme Pizza
531,2,9/1/2015,15:58:10,16.5,33,The Pepper Salami Pizza
532,1,9/1/2015,16:14:28,20.75,20.75,The Pepper Salami Pizza
532,1,9/1/2015,16:14:28,12.5,12.5,The Soppressata Pizza
533,1,9/1/2015,16:28:43,18.5,18.5,The Five Cheese Pizza
533,1,9/1/2015,16:28:43,20.75,20.75,The Spicy Italian Pizza
533,1,9/1/2015,16:28:43,25.5,25.5,The Greek Pizza
534,1,9/1/2015,16:43:32,20.75,20.75,The Prosciutto and Arugula Pizza
534,1,9/1/2015,16:43:32,20.75,20.75,The Southwest Chicken Pizza
535,1,9/1/2015,17:08:47,16,16,The Classic Deluxe Pizza
536,1,9/1/2015,17:18:50,23.65,23.65,The Brie Carre Pizza
536,1,9/1/2015,17:18:50,20.75,20.75,The Pepper Salami Pizza
537,1,9/1/2015,17:23:52,12,12,The Classic Deluxe Pizza
537,1,9/1/2015,17:23:52,10.5,10.5,The Hawaiian Pizza
537,1,9/1/2015,17:23:52,20.75,20.75,The Italian Supreme Pizza
538,1,9/1/2015,17:44:04,20.75,20.75,The Spinach Supreme Pizza
539,1,9/1/2015,17:51:34,18.5,18.5,The Five Cheese Pizza
539,1,9/1/2015,17:51:34,21,21,The Italian Vegetables Pizza
539,1,9/1/2015,17:51:34,16,16,The Spinach and Feta Pizza
540,1,9/1/2015,17:52:41,20.75,20.75,The Spinach Supreme Pizza
541,1,9/1/2015,18:07:47,12,12,The Big Meat Pizza
542,1,9/1/2015,18:08:06,20.75,20.75,The Barbecue Chicken Pizza
542,1,9/1/2015,18:08:06,16.5,16.5,The Prosciutto and Arugula Pizza
543,1,9/1/2015,18:23:59,20.75,20.75,The Chicken Pesto Pizza
543,1,9/1/2015,18:23:59,16,16,The Classic Deluxe Pizza
543,1,9/1/2015,18:23:59,16,16,The Mediterranean Pizza
544,1,9/1/2015,18:31:04,16,16,The Napolitana Pizza
544,1,9/1/2015,18:31:04,16.25,16.25,The Sicilian Pizza
545,1,9/1/2015,18:46:28,15.25,15.25,The Pepperoni Pizza
545,1,9/1/2015,18:46:28,9.75,9.75,The Pepperoni Pizza
545,1,9/1/2015,18:46:28,20.75,20.75,The Pepper Salami Pizza
545,1,9/1/2015,18:46:28,20.75,20.75,The Soppressata Pizza
546,1,9/1/2015,18:47:27,12,12,The Green Garden Pizza
547,1,9/1/2015,18:49:23,12,12,The Big Meat Pizza
548,1,9/1/2015,19:06:09,16.5,16.5,The Hawaiian Pizza
549,1,9/1/2015,19:06:34,12,12,The Big Meat Pizza
549,1,9/1/2015,19:06:34,20.75,20.75,The Thai Chicken Pizza
550,1,9/1/2015,19:12:59,16,16,The Spinach and Feta Pizza
550,1,9/1/2015,19:12:59,16,16,The Greek Pizza
551,1,9/1/2015,19:26:24,17.95,17.95,The Four Cheese Pizza
551,1,9/1/2015,19:26:24,16.5,16.5,The Soppressata Pizza
551,1,9/1/2015,19:26:24,20.75,20.75,The Thai Chicken Pizza
551,1,9/1/2015,19:26:24,16,16,The Greek Pizza
552,1,9/1/2015,19:31:25,16.75,16.75,The Chicken Alfredo Pizza
552,1,9/1/2015,19:31:25,12,12,The Green Garden Pizza
552,1,9/1/2015,19:31:25,20.75,20.75,The Italian Supreme Pizza
553,1,9/1/2015,20:14:47,20.25,20.25,The Mexicana Pizza
554,1,9/1/2015,20:15:51,16.75,16.75,The Chicken Alfredo Pizza
554,1,9/1/2015,20:15:51,12,12,The Green Garden Pizza
555,1,9/1/2015,20:18:25,12.75,12.75,The Barbecue Chicken Pizza
555,1,9/1/2015,20:18:25,10.5,10.5,The Hawaiian Pizza
556,1,9/1/2015,20:23:12,17.95,17.95,The Four Cheese Pizza
556,1,9/1/2015,20:23:12,25.5,25.5,The Greek Pizza
557,1,9/1/2015,20:30:06,12.25,12.25,The Sicilian Pizza
557,1,9/1/2015,20:30:06,12.5,12.5,The Spicy Italian Pizza
558,1,9/1/2015,20:51:10,13.25,13.25,The Hawaiian Pizza
559,1,9/1/2015,21:10:16,12,12,The Classic Deluxe Pizza
560,1,9/1/2015,21:13:48,16,16,The Green Garden Pizza
560,1,9/1/2015,21:13:48,16.5,16.5,The Spicy Italian Pizza
561,1,9/1/2015,21:47:56,12.5,12.5,The Spinach Supreme Pizza
562,1,9/1/2015,22:04:05,16.75,16.75,The Chicken Alfredo Pizza
563,1,9/1/2015,22:19:03,20.25,20.25,The Mexicana Pizza
563,1,9/1/2015,22:19:03,12,12,The Vegetables + Vegetables Pizza
564,1,9/1/2015,22:32:32,12,12,The Mediterranean Pizza
564,1,9/1/2015,22:32:32,12.5,12.5,The Pepperoni Pizza
564,1,9/1/2015,22:32:32,20.75,20.75,The Spinach Supreme Pizza
565,1,10/1/2015,12:11:19,12.75,12.75,The Italian Vegetables Pizza
566,1,10/1/2015,12:21:19,20.75,20.75,The Spinach Supreme Pizza
567,1,10/1/2015,12:27:47,20.75,20.75,The Barbecue Chicken Pizza
567,2,10/1/2015,12:27:47,18.5,37,The Five Cheese Pizza
567,1,10/1/2015,12:27:47,14.75,14.75,The Four Cheese Pizza
567,1,10/1/2015,12:27:47,12.5,12.5,The Pepperoni Pizza
567,1,10/1/2015,12:27:47,16.25,16.25,The Sicilian Pizza
567,1,10/1/2015,12:27:47,12.25,12.25,The Sicilian Pizza
567,1,10/1/2015,12:27:47,20.75,20.75,The Soppressata Pizza
567,1,10/1/2015,12:27:47,20.75,20.75,The Spicy Italian Pizza
567,1,10/1/2015,12:27:47,16.5,16.5,The Spinach Supreme Pizza
567,1,10/1/2015,12:27:47,12.75,12.75,The Thai Chicken Pizza
568,1,10/1/2015,12:28:53,20.25,20.25,The Mexicana Pizza
569,1,10/1/2015,12:37:10,12.75,12.75,The Barbecue Chicken Pizza
569,1,10/1/2015,12:37:10,16.75,16.75,The Chicken Alfredo Pizza
569,1,10/1/2015,12:37:10,12,12,The Classic Deluxe Pizza
570,1,10/1/2015,13:13:59,16,16,The Green Garden Pizza
570,1,10/1/2015,13:13:59,20.75,20.75,The Southwest Chicken Pizza
571,1,10/1/2015,13:14:47,12,12,The Big Meat Pizza
572,1,10/1/2015,13:15:32,16.75,16.75,The Southwest Chicken Pizza
573,1,10/1/2015,13:39:33,16,16,The Classic Deluxe Pizza
573,1,10/1/2015,13:39:33,18.5,18.5,The Five Cheese Pizza
574,1,10/1/2015,13:40:54,16.75,16.75,The Italian Vegetables Pizza
575,1,10/1/2015,13:41:04,20.5,20.5,The Classic Deluxe Pizza
575,1,10/1/2015,13:41:04,20.5,20.5,The Napolitana Pizza
575,1,10/1/2015,13:41:04,15.25,15.25,The Pepperoni Pizza
575,1,10/1/2015,13:41:04,16,16,The Spinach and Feta Pizza
576,1,10/1/2015,13:44:22,12,12,The Big Meat Pizza
576,1,10/1/2015,13:44:22,16.75,16.75,The Chicken Alfredo Pizza
576,1,10/1/2015,13:44:22,12,12,The Spinach and Feta Pizza
577,1,10/1/2015,13:45:00,16,16,The Spinach and Feta Pizza
577,1,10/1/2015,13:45:00,20.25,20.25,The Vegetables + Vegetables Pizza
578,1,10/1/2015,13:48:49,12.75,12.75,The Barbecue Chicken Pizza
578,1,10/1/2015,13:48:49,16.25,16.25,The Calabrese Pizza
578,1,10/1/2015,13:48:49,15.25,15.25,The Pepperoni Pizza
578,1,10/1/2015,13:48:49,16.5,16.5,The Pepper Salami Pizza
578,1,10/1/2015,13:48:49,25.5,25.5,The Greek Pizza
579,1,10/1/2015,13:51:19,12,12,The Green Garden Pizza
580,1,10/1/2015,13:56:01,13.25,13.25,The Hawaiian Pizza
580,1,10/1/2015,13:56:01,16.75,16.75,The Southwest Chicken Pizza
581,1,10/1/2015,14:13:01,20.25,20.25,The Mexicana Pizza
582,1,10/1/2015,14:24:14,20.25,20.25,The Mediterranean Pizza
583,1,10/1/2015,14:33:19,20.75,20.75,The Italian Supreme Pizza
584,1,10/1/2015,15:05:29,12.25,12.25,The Sicilian Pizza
584,1,10/1/2015,15:05:29,12.5,12.5,The Soppressata Pizza
585,1,10/1/2015,15:58:42,23.65,23.65,The Brie Carre Pizza
585,1,10/1/2015,15:58:42,20.25,20.25,The Mexicana Pizza
586,1,10/1/2015,16:09:57,16,16,The Italian Capocollo Pizza
586,1,10/1/2015,16:09:57,16.75,16.75,The Southwest Chicken Pizza
587,1,10/1/2015,16:32:36,20.75,20.75,The Pepper Salami Pizza
587,1,10/1/2015,16:32:36,12.5,12.5,The Pepper Salami Pizza
588,1,10/1/2015,16:33:36,12.75,12.75,The California Chicken Pizza
589,1,10/1/2015,17:12:39,12.5,12.5,The Italian Supreme Pizza
589,1,10/1/2015,17:12:39,16,16,The Mediterranean Pizza
589,1,10/1/2015,17:12:39,12,12,The Vegetables + Vegetables Pizza
590,1,10/1/2015,17:23:39,18.5,18.5,The Five Cheese Pizza
591,1,10/1/2015,17:32:54,17.95,17.95,The Four Cheese Pizza
591,1,10/1/2015,17:32:54,12.75,12.75,The Southwest Chicken Pizza
591,1,10/1/2015,17:32:54,20.75,20.75,The Spinach Pesto Pizza
592,1,10/1/2015,17:41:55,12.75,12.75,The Italian Vegetables Pizza
592,1,10/1/2015,17:41:55,14.5,14.5,"The Pepperoni, Mushroom, and Peppers Pizza"
592,1,10/1/2015,17:41:55,20.75,20.75,The Thai Chicken Pizza
593,1,10/1/2015,17:48:57,20.75,20.75,The California Chicken Pizza
593,1,10/1/2015,17:48:57,20.75,20.75,The Spicy Italian Pizza
594,1,10/1/2015,17:50:19,20.25,20.25,The Calabrese Pizza
595,1,10/1/2015,18:12:28,20.5,20.5,The Classic Deluxe Pizza
595,1,10/1/2015,18:12:28,16.5,16.5,The Prosciutto and Arugula Pizza
596,1,10/1/2015,18:24:07,11,11,"The Pepperoni, Mushroom, and Peppers Pizza"
596,1,10/1/2015,18:24:07,12.5,12.5,The Soppressata Pizza
597,1,10/1/2015,18:32:36,20.75,20.75,The California Chicken Pizza
597,1,10/1/2015,18:32:36,16.5,16.5,The Prosciutto and Arugula Pizza
597,1,10/1/2015,18:32:36,16.5,16.5,The Spicy Italian Pizza
598,1,10/1/2015,18:34:14,20.75,20.75,The Prosciutto and Arugula Pizza
599,1,10/1/2015,18:34:27,20.75,20.75,The Pepper Salami Pizza
600,1,10/1/2015,18:53:52,12,12,The Classic Deluxe Pizza
600,1,10/1/2015,18:53:52,17.95,17.95,The Four Cheese Pizza
600,1,10/1/2015,18:53:52,16,16,The Mediterranean Pizza
600,1,10/1/2015,18:53:52,16,16,The Mexicana Pizza
601,1,10/1/2015,18:58:19,20.75,20.75,The Barbecue Chicken Pizza
601,1,10/1/2015,18:58:19,12,12,The Classic Deluxe Pizza
601,1,10/1/2015,18:58:19,16.5,16.5,The Spinach Pesto Pizza
602,1,10/1/2015,19:02:27,20.75,20.75,The Pepper Salami Pizza
603,1,10/1/2015,19:03:11,16,16,The Mexicana Pizza
604,1,10/1/2015,19:13:29,12.5,12.5,The Soppressata Pizza
604,1,10/1/2015,19:13:29,16.5,16.5,The Spinach Supreme Pizza
605,1,10/1/2015,19:23:51,12.5,12.5,The Pepperoni Pizza
605,1,10/1/2015,19:23:51,25.5,25.5,The Greek Pizza
606,1,10/1/2015,19:27:18,15.25,15.25,The Pepperoni Pizza
607,1,10/1/2015,19:36:16,16.75,16.75,The Barbecue Chicken Pizza
607,1,10/1/2015,19:36:16,16.5,16.5,The Italian Supreme Pizza
607,1,10/1/2015,19:36:16,20.75,20.75,The Spinach Supreme Pizza
608,1,10/1/2015,19:36:33,16.5,16.5,The Hawaiian Pizza
608,1,10/1/2015,19:36:33,12.5,12.5,The Pepperoni Pizza
608,1,10/1/2015,19:36:33,20.75,20.75,The Thai Chicken Pizza
608,1,10/1/2015,19:36:33,12.75,12.75,The Thai Chicken Pizza
609,1,10/1/2015,19:39:32,17.95,17.95,The Four Cheese Pizza
610,1,10/1/2015,19:51:02,12,12,The Big Meat Pizza
610,1,10/1/2015,19:51:02,15.25,15.25,The Pepperoni Pizza
611,1,10/1/2015,19:58:10,18.5,18.5,The Five Cheese Pizza
611,1,10/1/2015,19:58:10,12,12,The Mexicana Pizza
611,1,10/1/2015,19:58:10,16.75,16.75,The Southwest Chicken Pizza
611,1,10/1/2015,19:58:10,25.5,25.5,The Greek Pizza
612,1,10/1/2015,19:58:15,12,12,The Big Meat Pizza
612,1,10/1/2015,19:58:15,20.75,20.75,The Italian Supreme Pizza
612,1,10/1/2015,19:58:15,20.25,20.25,The Mexicana Pizza
612,1,10/1/2015,19:58:15,12.5,12.5,The Soppressata Pizza
613,1,10/1/2015,20:10:44,12,12,The Napolitana Pizza
614,1,10/1/2015,20:12:33,20.75,20.75,The Pepper Salami Pizza
615,1,10/1/2015,20:14:03,20.75,20.75,The California Chicken Pizza
615,1,10/1/2015,20:14:03,14.5,14.5,"The Pepperoni, Mushroom, and Peppers Pizza"
616,1,10/1/2015,20:20:10,20.75,20.75,The Prosciutto and Arugula Pizza
616,1,10/1/2015,20:20:10,16,16,The Vegetables + Vegetables Pizza
617,1,10/1/2015,20:27:26,20.75,20.75,The Chicken Pesto Pizza
617,1,10/1/2015,20:27:26,16.75,16.75,The Southwest Chicken Pizza
618,1,10/1/2015,20:31:14,16.5,16.5,The Prosciutto and Arugula Pizza
618,1,10/1/2015,20:31:14,16.5,16.5,The Spinach Pesto Pizza
619,1,10/1/2015,20:41:58,20.5,20.5,The Italian Capocollo Pizza
620,1,10/1/2015,20:45:45,20.75,20.75,The Barbecue Chicken Pizza
620,1,10/1/2015,20:45:45,16.75,16.75,The California Chicken Pizza
620,1,10/1/2015,20:45:45,16.5,16.5,The Pepper Salami Pizza
620,1,10/1/2015,20:45:45,12,12,The Greek Pizza
621,1,10/1/2015,20:49:29,16.25,16.25,The Calabrese Pizza
621,1,10/1/2015,20:49:29,17.95,17.95,The Four Cheese Pizza
621,1,10/1/2015,20:49:29,20.25,20.25,The Mexicana Pizza
621,1,10/1/2015,20:49:29,20.75,20.75,The Spicy Italian Pizza
622,1,10/1/2015,20:57:41,16.5,16.5,The Italian Supreme Pizza
622,1,10/1/2015,20:57:41,20.75,20.75,The Spicy Italian Pizza
623,1,10/1/2015,21:21:21,20.75,20.75,The California Chicken Pizza
623,1,10/1/2015,21:21:21,16.5,16.5,The Hawaiian Pizza
624,1,10/1/2015,21:22:44,16.75,16.75,The California Chicken Pizza
624,1,10/1/2015,21:22:44,16,16,The Vegetables + Vegetables Pizza
625,1,10/1/2015,21:50:23,20.25,20.25,The Spinach and Feta Pizza
625,1,10/1/2015,21:50:23,16.5,16.5,The Spinach Supreme Pizza
626,1,10/1/2015,21:55:12,16,16,The Classic Deluxe Pizza
626,1,10/1/2015,21:55:12,14.75,14.75,The Four Cheese Pizza
627,1,10/1/2015,22:18:35,20.5,20.5,The Greek Pizza
627,1,10/1/2015,22:18:35,16,16,The Greek Pizza
628,1,10/1/2015,22:47:17,20.5,20.5,The Classic Deluxe Pizza
628,1,10/1/2015,22:47:17,12.75,12.75,The Italian Vegetables Pizza
628,1,10/1/2015,22:47:17,12,12,The Greek Pizza
628,1,10/1/2015,22:47:17,12,12,The Vegetables + Vegetables Pizza
629,1,10/1/2015,22:48:39,16.25,16.25,The Calabrese Pizza
629,1,10/1/2015,22:48:39,18.5,18.5,The Five Cheese Pizza
629,1,10/1/2015,22:48:39,14.5,14.5,"The Pepperoni, Mushroom, and Peppers Pizza"
629,1,10/1/2015,22:48:39,20.75,20.75,The Spinach Pesto Pizza
630,1,11/1/2015,11:42:08,12.25,12.25,The Sicilian Pizza
631,1,11/1/2015,11:44:36,15.25,15.25,The Pepperoni Pizza
632,1,11/1/2015,11:44:52,12,12,The Classic Deluxe Pizza
633,1,11/1/2015,11:51:45,20.25,20.25,The Mediterranean Pizza
633,1,11/1/2015,11:51:45,15.25,15.25,The Pepperoni Pizza
633,1,11/1/2015,11:51:45,20.75,20.75,The Pepper Salami Pizza
634,1,11/1/2015,12:14:15,15.25,15.25,The Pepperoni Pizza
635,1,11/1/2015,12:18:31,20.25,20.25,The Calabrese Pizza
635,2,11/1/2015,12:18:31,12.75,25.5,The California Chicken Pizza
635,1,11/1/2015,12:18:31,10.5,10.5,The Hawaiian Pizza
635,1,11/1/2015,12:18:31,20.25,20.25,The Mexicana Pizza
635,1,11/1/2015,12:18:31,12.5,12.5,The Pepperoni Pizza
635,1,11/1/2015,12:18:31,9.75,9.75,The Pepperoni Pizza
635,1,11/1/2015,12:18:31,12.5,12.5,The Pepper Salami Pizza
635,1,11/1/2015,12:18:31,12.25,12.25,The Sicilian Pizza
635,1,11/1/2015,12:18:31,20.25,20.25,The Spinach and Feta Pizza
635,1,11/1/2015,12:18:31,12,12,The Spinach and Feta Pizza
636,1,11/1/2015,12:34:44,16,16,The Classic Deluxe Pizza
637,1,11/1/2015,12:44:10,20.5,20.5,The Greek Pizza
637,1,11/1/2015,12:44:10,16,16,The Vegetables + Vegetables Pizza
638,1,11/1/2015,12:49:26,20.25,20.25,The Mexicana Pizza
639,1,11/1/2015,13:23:21,14.5,14.5,"The Pepperoni, Mushroom, and Peppers Pizza"
640,1,11/1/2015,13:28:08,12.75,12.75,The California Chicken Pizza
640,1,11/1/2015,13:28:08,20.75,20.75,The Chicken Pesto Pizza
640,1,11/1/2015,13:28:08,12,12,The Napolitana Pizza
641,1,11/1/2015,13:37:46,12.5,12.5,The Pepperoni Pizza
641,1,11/1/2015,13:37:46,20.75,20.75,The Southwest Chicken Pizza
641,1,11/1/2015,13:37:46,16.5,16.5,The Spinach Pesto Pizza
641,1,11/1/2015,13:37:46,12,12,The Spinach and Feta Pizza
642,1,11/1/2015,13:40:00,16.25,16.25,The Calabrese Pizza
642,1,11/1/2015,13:40:00,20.75,20.75,The California Chicken Pizza
642,1,11/1/2015,13:40:00,20.75,20.75,The Italian Supreme Pizza
642,1,11/1/2015,13:40:00,20.75,20.75,The Soppressata Pizza
643,1,11/1/2015,13:43:19,16,16,The Spinach and Feta Pizza
644,1,11/1/2015,13:52:52,20.75,20.75,The Italian Supreme Pizza
644,1,11/1/2015,13:52:52,16.5,16.5,The Pepper Salami Pizza
645,1,11/1/2015,14:03:45,16.75,16.75,The Barbecue Chicken Pizza
645,1,11/1/2015,14:03:45,12,12,The Big Meat Pizza
646,1,11/1/2015,14:07:26,10.5,10.5,The Hawaiian Pizza
646,1,11/1/2015,14:07:26,20.75,20.75,The Thai Chicken Pizza
647,1,11/1/2015,14:07:35,10.5,10.5,The Hawaiian Pizza
648,1,11/1/2015,14:17:17,17.95,17.95,The Four Cheese Pizza
648,1,11/1/2015,14:17:17,12.5,12.5,The Pepperoni Pizza
649,1,11/1/2015,14:29:23,12.75,12.75,The California Chicken Pizza
649,1,11/1/2015,14:29:23,12.5,12.5,The Pepperoni Pizza
649,1,11/1/2015,14:29:23,16.5,16.5,The Pepper Salami Pizza
649,1,11/1/2015,14:29:23,12.25,12.25,The Sicilian Pizza
650,1,11/1/2015,14:34:05,12.5,12.5,The Pepperoni Pizza
651,1,11/1/2015,14:49:35,12.75,12.75,The Barbecue Chicken Pizza
651,1,11/1/2015,14:49:35,16.25,16.25,The Calabrese Pizza
651,1,11/1/2015,14:49:35,12.5,12.5,The Pepperoni Pizza
652,1,11/1/2015,16:03:38,12,12,The Big Meat Pizza
652,1,11/1/2015,16:03:38,16.75,16.75,The Chicken Alfredo Pizza
652,1,11/1/2015,16:03:38,12.75,12.75,The Chicken Pesto Pizza
652,1,11/1/2015,16:03:38,12.5,12.5,The Prosciutto and Arugula Pizza
653,1,11/1/2015,16:18:23,12.75,12.75,The Thai Chicken Pizza
654,1,11/1/2015,16:34:07,20.25,20.25,The Mexicana Pizza
654,1,11/1/2015,16:34:07,20.25,20.25,The Sicilian Pizza
654,1,11/1/2015,16:34:07,16.5,16.5,The Spinach Pesto Pizza
655,1,11/1/2015,16:43:33,16.5,16.5,The Italian Supreme Pizza
656,1,11/1/2015,16:44:49,20.75,20.75,The Thai Chicken Pizza
656,1,11/1/2015,16:44:49,20.25,20.25,The Vegetables + Vegetables Pizza
657,1,11/1/2015,16:45:47,16.75,16.75,The Barbecue Chicken Pizza
657,1,11/1/2015,16:45:47,16,16,The Classic Deluxe Pizza
658,1,11/1/2015,16:55:24,16,16,The Napolitana Pizza
658,1,11/1/2015,16:55:24,12.5,12.5,The Pepper Salami Pizza
658,1,11/1/2015,16:55:24,16,16,The Vegetables + Vegetables Pizza
659,1,11/1/2015,16:56:39,16.5,16.5,The Italian Supreme Pizza
659,1,11/1/2015,16:56:39,20.25,20.25,The Sicilian Pizza
660,1,11/1/2015,17:09:36,12.75,12.75,The Barbecue Chicken Pizza
660,1,11/1/2015,17:09:36,16.5,16.5,The Italian Supreme Pizza
661,1,11/1/2015,17:18:14,12,12,The Napolitana Pizza
662,1,11/1/2015,17:21:49,20.75,20.75,The Barbecue Chicken Pizza
662,1,11/1/2015,17:21:49,12.5,12.5,The Prosciutto and Arugula Pizza
663,1,11/1/2015,17:29:14,17.95,17.95,The Four Cheese Pizza
664,1,11/1/2015,17:35:14,16.25,16.25,The Calabrese Pizza
664,1,11/1/2015,17:35:14,20.75,20.75,The Italian Supreme Pizza
664,1,11/1/2015,17:35:14,15.25,15.25,The Pepperoni Pizza
665,1,11/1/2015,17:42:23,16.75,16.75,The Barbecue Chicken Pizza
665,1,11/1/2015,17:42:23,12,12,The Mediterranean Pizza
666,1,11/1/2015,17:42:25,16.5,16.5,The Hawaiian Pizza
667,1,11/1/2015,18:13:08,12,12,The Big Meat Pizza
667,1,11/1/2015,18:13:08,9.75,9.75,The Pepperoni Pizza
668,1,11/1/2015,18:13:12,16.5,16.5,The Italian Supreme Pizza
668,1,11/1/2015,18:13:12,20.25,20.25,The Mexicana Pizza
668,1,11/1/2015,18:13:12,20.75,20.75,The Pepper Salami Pizza
668,1,11/1/2015,18:13:12,16.5,16.5,The Spicy Italian Pizza
669,1,11/1/2015,18:40:44,20.5,20.5,The Italian Capocollo Pizza
669,1,11/1/2015,18:40:44,20.25,20.25,The Mexicana Pizza
670,1,11/1/2015,18:46:25,12,12,The Italian Capocollo Pizza
670,1,11/1/2015,18:46:25,16.5,16.5,The Soppressata Pizza
671,1,11/1/2015,19:18:42,12.75,12.75,The Chicken Pesto Pizza
672,1,11/1/2015,19:18:46,16,16,The Green Garden Pizza
672,1,11/1/2015,19:18:46,20.75,20.75,The Spicy Italian Pizza
673,1,11/1/2015,19:28:13,20.75,20.75,The Soppressata Pizza
673,1,11/1/2015,19:28:13,16.75,16.75,The Thai Chicken Pizza
674,1,11/1/2015,19:33:05,16.75,16.75,The Chicken Pesto Pizza
674,1,11/1/2015,19:33:05,20.25,20.25,The Mexicana Pizza
674,1,11/1/2015,19:33:05,12.5,12.5,The Prosciutto and Arugula Pizza
674,1,11/1/2015,19:33:05,16,16,The Spinach and Feta Pizza
675,1,11/1/2015,19:33:19,20.5,20.5,The Napolitana Pizza
676,1,11/1/2015,19:44:57,20.25,20.25,The Mexicana Pizza
676,1,11/1/2015,19:44:57,16,16,The Vegetables + Vegetables Pizza
677,1,11/1/2015,19:51:09,20.75,20.75,The Pepper Salami Pizza
678,1,11/1/2015,19:52:49,12,12,The Mexicana Pizza
678,1,11/1/2015,19:52:49,16,16,The Napolitana Pizza
678,2,11/1/2015,19:52:49,16.5,33,The Spicy Italian Pizza
679,1,11/1/2015,20:31:02,23.65,23.65,The Brie Carre Pizza
679,1,11/1/2015,20:31:02,14.75,14.75,The Four Cheese Pizza
679,1,11/1/2015,20:31:02,20.75,20.75,The Italian Supreme Pizza
679,1,11/1/2015,20:31:02,20.25,20.25,The Mediterranean Pizza
680,1,11/1/2015,21:07:30,12.75,12.75,The Chicken Pesto Pizza
680,1,11/1/2015,21:07:30,16.25,16.25,The Sicilian Pizza
681,1,11/1/2015,21:29:50,20.75,20.75,The Pepper Salami Pizza
682,1,12/1/2015,11:38:15,20.75,20.75,The Italian Supreme Pizza
683,1,12/1/2015,11:39:08,20.75,20.75,The Chicken Pesto Pizza
683,1,12/1/2015,11:39:08,12.75,12.75,The Italian Vegetables Pizza
683,1,12/1/2015,11:39:08,16.5,16.5,The Pepper Salami Pizza
684,1,12/1/2015,12:01:23,17.95,17.95,The Four Cheese Pizza
685,1,12/1/2015,12:11:46,20.75,20.75,The Soppressata Pizza
686,1,12/1/2015,12:13:07,12,12,The Big Meat Pizza
687,1,12/1/2015,12:21:09,16.75,16.75,The Italian Vegetables Pizza
688,1,12/1/2015,12:26:41,20.75,20.75,The Spicy Italian Pizza
688,1,12/1/2015,12:26:41,16.5,16.5,The Spinach Supreme Pizza
689,1,12/1/2015,12:33:22,20.75,20.75,The Thai Chicken Pizza
689,1,12/1/2015,12:33:22,16.75,16.75,The Thai Chicken Pizza
690,1,12/1/2015,12:42:10,12.5,12.5,The Pepperoni Pizza
691,1,12/1/2015,12:45:53,20.75,20.75,The Barbecue Chicken Pizza
692,1,12/1/2015,12:53:37,16.75,16.75,The California Chicken Pizza
692,1,12/1/2015,12:53:37,16.75,16.75,The Italian Vegetables Pizza
693,1,12/1/2015,13:04:24,20.75,20.75,The Barbecue Chicken Pizza
693,1,12/1/2015,13:04:24,12,12,The Big Meat Pizza
693,1,12/1/2015,13:04:24,16,16,The Green Garden Pizza
693,1,12/1/2015,13:04:24,12,12,The Italian Capocollo Pizza
694,1,12/1/2015,13:30:47,21,21,The Italian Vegetables Pizza
694,1,12/1/2015,13:30:47,14.5,14.5,"The Pepperoni, Mushroom, and Peppers Pizza"
694,1,12/1/2015,13:30:47,15.25,15.25,The Pepperoni Pizza
695,1,12/1/2015,13:33:06,12.75,12.75,The Southwest Chicken Pizza
696,1,12/1/2015,13:49:40,16.5,16.5,The Prosciutto and Arugula Pizza
696,1,12/1/2015,13:49:40,12.5,12.5,The Spicy Italian Pizza
697,1,12/1/2015,13:58:56,16,16,The Classic Deluxe Pizza
697,1,12/1/2015,13:58:56,12.5,12.5,The Spinach Pesto Pizza
698,1,12/1/2015,14:08:16,12,12,The Big Meat Pizza
698,1,12/1/2015,14:08:16,17.5,17.5,"The Pepperoni, Mushroom, and Peppers Pizza"
698,1,12/1/2015,14:08:16,20.75,20.75,The Thai Chicken Pizza
699,1,12/1/2015,14:27:03,9.75,9.75,The Pepperoni Pizza
700,1,12/1/2015,14:31:13,23.65,23.65,The Brie Carre Pizza
700,1,12/1/2015,14:31:13,12.75,12.75,The Chicken Pesto Pizza
700,1,12/1/2015,14:31:13,20.5,20.5,The Italian Capocollo Pizza
700,1,12/1/2015,14:31:13,12.5,12.5,The Pepper Salami Pizza
700,1,12/1/2015,14:31:13,12.25,12.25,The Sicilian Pizza
701,1,12/1/2015,14:33:39,10.5,10.5,The Hawaiian Pizza
701,1,12/1/2015,14:33:39,12.5,12.5,The Prosciutto and Arugula Pizza
702,1,12/1/2015,14:38:35,12.75,12.75,The Barbecue Chicken Pizza
702,1,12/1/2015,14:38:35,12.25,12.25,The Sicilian Pizza
703,1,12/1/2015,15:08:01,12.5,12.5,The Pepper Salami Pizza
704,1,12/1/2015,15:28:25,16.25,16.25,The Calabrese Pizza
704,1,12/1/2015,15:28:25,20.25,20.25,The Mediterranean Pizza
705,1,12/1/2015,15:31:00,12,12,The Green Garden Pizza
705,1,12/1/2015,15:31:00,16.5,16.5,The Italian Supreme Pizza
705,1,12/1/2015,15:31:00,16.75,16.75,The Southwest Chicken Pizza
706,1,12/1/2015,15:39:04,12.75,12.75,The California Chicken Pizza
706,1,12/1/2015,15:39:04,20.5,20.5,The Napolitana Pizza
707,1,12/1/2015,15:41:32,16.75,16.75,The Barbecue Chicken Pizza
707,1,12/1/2015,15:41:32,20.75,20.75,The Pepper Salami Pizza
707,1,12/1/2015,15:41:32,20.75,20.75,The Southwest Chicken Pizza
708,1,12/1/2015,15:52:44,17.95,17.95,The Four Cheese Pizza
709,1,12/1/2015,15:53:56,12.75,12.75,The Barbecue Chicken Pizza
710,1,12/1/2015,15:59:52,16.5,16.5,The Hawaiian Pizza
710,1,12/1/2015,15:59:52,20.75,20.75,The Southwest Chicken Pizza
710,1,12/1/2015,15:59:52,12,12,The Greek Pizza
710,1,12/1/2015,15:59:52,25.5,25.5,The Greek Pizza
711,1,12/1/2015,16:21:10,16.75,16.75,The Chicken Alfredo Pizza
711,1,12/1/2015,16:21:10,20.25,20.25,The Mexicana Pizza
711,1,12/1/2015,16:21:10,14.5,14.5,"The Pepperoni, Mushroom, and Peppers Pizza"
711,1,12/1/2015,16:21:10,20.25,20.25,The Sicilian Pizza
712,1,12/1/2015,16:22:18,21,21,The Italian Vegetables Pizza
713,1,12/1/2015,16:31:56,18.5,18.5,The Five Cheese Pizza
713,1,12/1/2015,16:31:56,12,12,The Mediterranean Pizza
714,1,12/1/2015,16:55:08,16,16,The Classic Deluxe Pizza
714,1,12/1/2015,16:55:08,16.5,16.5,The Hawaiian Pizza
714,1,12/1/2015,16:55:08,10.5,10.5,The Hawaiian Pizza
714,1,12/1/2015,16:55:08,20.5,20.5,The Italian Capocollo Pizza
715,1,12/1/2015,17:05:33,12.5,12.5,The Pepperoni Pizza
715,1,12/1/2015,17:05:33,16.5,16.5,The Pepper Salami Pizza
715,1,12/1/2015,17:05:33,16,16,The Spinach and Feta Pizza
716,1,12/1/2015,17:06:05,12,12,The Big Meat Pizza
717,1,12/1/2015,17:24:44,16.75,16.75,The Barbecue Chicken Pizza
717,1,12/1/2015,17:24:44,20.75,20.75,The Southwest Chicken Pizza
718,1,12/1/2015,17:46:30,16.75,16.75,The California Chicken Pizza
718,1,12/1/2015,17:46:30,20.75,20.75,The Southwest Chicken Pizza
719,1,12/1/2015,17:52:27,20.75,20.75,The Barbecue Chicken Pizza
719,1,12/1/2015,17:52:27,12,12,The Mexicana Pizza
720,1,12/1/2015,17:53:59,16,16,The Green Garden Pizza
720,1,12/1/2015,17:53:59,20.5,20.5,The Napolitana Pizza
720,1,12/1/2015,17:53:59,14.5,14.5,"The Pepperoni, Mushroom, and Peppers Pizza"
720,1,12/1/2015,17:53:59,16.25,16.25,The Sicilian Pizza
721,1,12/1/2015,18:17:15,12,12,The Classic Deluxe Pizza
721,1,12/1/2015,18:17:15,20.75,20.75,The Spicy Italian Pizza
722,1,12/1/2015,18:20:58,20.5,20.5,The Napolitana Pizza
722,1,12/1/2015,18:20:58,12.5,12.5,The Spinach Pesto Pizza
723,1,12/1/2015,18:21:04,20.75,20.75,The Barbecue Chicken Pizza
723,1,12/1/2015,18:21:04,9.75,9.75,The Pepperoni Pizza
724,1,12/1/2015,18:24:47,12,12,The Big Meat Pizza
724,1,12/1/2015,18:24:47,16,16,The Green Garden Pizza
724,2,12/1/2015,18:24:47,20.75,41.5,The Southwest Chicken Pizza
725,1,12/1/2015,18:33:14,12,12,The Big Meat Pizza
725,1,12/1/2015,18:33:14,12,12,The Mexicana Pizza
725,1,12/1/2015,18:33:14,20.75,20.75,The Thai Chicken Pizza
725,1,12/1/2015,18:33:14,25.5,25.5,The Greek Pizza
726,1,12/1/2015,18:34:25,12.25,12.25,The Sicilian Pizza
727,1,12/1/2015,18:44:57,12.25,12.25,The Sicilian Pizza
728,1,12/1/2015,18:53:17,16.75,16.75,The Southwest Chicken Pizza
728,1,12/1/2015,18:53:17,12.75,12.75,The Thai Chicken Pizza
728,1,12/1/2015,18:53:17,16,16,The Greek Pizza
729,1,12/1/2015,19:20:41,16,16,The Classic Deluxe Pizza
729,1,12/1/2015,19:20:41,16.5,16.5,The Hawaiian Pizza
729,1,12/1/2015,19:20:41,12.25,12.25,The Sicilian Pizza
730,1,12/1/2015,19:22:00,16.5,16.5,The Italian Supreme Pizza
731,1,12/1/2015,19:27:47,16.25,16.25,The Sicilian Pizza
731,1,12/1/2015,19:27:47,12,12,The Vegetables + Vegetables Pizza
732,1,12/1/2015,19:30:17,20.25,20.25,The Spinach and Feta Pizza
733,1,12/1/2015,19:57:36,12.75,12.75,The California Chicken Pizza
733,1,12/1/2015,19:57:36,20.5,20.5,The Italian Capocollo Pizza
733,1,12/1/2015,19:57:36,9.75,9.75,The Pepperoni Pizza
733,1,12/1/2015,19:57:36,20.75,20.75,The Thai Chicken Pizza
734,1,12/1/2015,20:00:30,9.75,9.75,The Pepperoni Pizza
735,1,12/1/2015,20:35:34,12.75,12.75,The Chicken Pesto Pizza
735,1,12/1/2015,20:35:34,14.5,14.5,"The Pepperoni, Mushroom, and Peppers Pizza"
735,1,12/1/2015,20:35:34,11,11,"The Pepperoni, Mushroom, and Peppers Pizza"
736,1,12/1/2015,21:35:14,18.5,18.5,The Five Cheese Pizza
736,1,12/1/2015,21:35:14,12,12,The Vegetables + Vegetables Pizza
737,1,13-01-2015,11:31:34,16.75,16.75,The Barbecue Chicken Pizza
737,1,13-01-2015,11:31:34,16.75,16.75,The Thai Chicken Pizza
738,1,13-01-2015,12:16:47,16.75,16.75,The Southwest Chicken Pizza
739,1,13-01-2015,12:19:38,12,12,The Big Meat Pizza
740,1,13-01-2015,12:29:51,16.75,16.75,The California Chicken Pizza
740,1,13-01-2015,12:29:51,20.75,20.75,The Chicken Pesto Pizza
740,2,13-01-2015,12:29:51,18.5,37,The Five Cheese Pizza
740,1,13-01-2015,12:29:51,17.95,17.95,The Four Cheese Pizza
740,2,13-01-2015,12:29:51,20.5,41,The Italian Capocollo Pizza
740,1,13-01-2015,12:29:51,16.5,16.5,The Italian Supreme Pizza
740,1,13-01-2015,12:29:51,20.5,20.5,The Napolitana Pizza
740,1,13-01-2015,12:29:51,16.5,16.5,The Prosciutto and Arugula Pizza
740,1,13-01-2015,12:29:51,20.25,20.25,The Sicilian Pizza
740,1,13-01-2015,12:29:51,20.25,20.25,The Spinach and Feta Pizza
740,1,13-01-2015,12:29:51,16,16,The Spinach and Feta Pizza
740,1,13-01-2015,12:29:51,12,12,The Spinach and Feta Pizza
740,1,13-01-2015,12:29:51,25.5,25.5,The Greek Pizza
741,1,13-01-2015,12:49:09,16,16,The Napolitana Pizza
742,1,13-01-2015,12:53:01,20.75,20.75,The Barbecue Chicken Pizza
743,1,13-01-2015,13:08:32,20.5,20.5,The Napolitana Pizza
744,1,13-01-2015,13:34:48,16.5,16.5,The Pepper Salami Pizza
745,1,13-01-2015,13:36:53,20.75,20.75,The Barbecue Chicken Pizza
745,1,13-01-2015,13:36:53,16.75,16.75,The California Chicken Pizza
745,1,13-01-2015,13:36:53,16,16,The Classic Deluxe Pizza
745,1,13-01-2015,13:36:53,14.75,14.75,The Four Cheese Pizza
745,1,13-01-2015,13:36:53,16,16,The Mediterranean Pizza
745,1,13-01-2015,13:36:53,20.5,20.5,The Napolitana Pizza
745,1,13-01-2015,13:36:53,16,16,The Greek Pizza
746,1,13-01-2015,13:41:13,20.75,20.75,The Spicy Italian Pizza
746,1,13-01-2015,13:41:13,16,16,The Vegetables + Vegetables Pizza
747,1,13-01-2015,14:15:02,20.25,20.25,The Mexicana Pizza
747,1,13-01-2015,14:15:02,12.25,12.25,The Sicilian Pizza
747,1,13-01-2015,14:15:02,20.75,20.75,The Spicy Italian Pizza
748,1,13-01-2015,14:27:31,18.5,18.5,The Five Cheese Pizza
749,1,13-01-2015,14:29:23,12.5,12.5,The Pepperoni Pizza
750,1,13-01-2015,14:48:09,14.5,14.5,"The Pepperoni, Mushroom, and Peppers Pizza"
751,1,13-01-2015,15:07:35,20.25,20.25,The Calabrese Pizza
751,1,13-01-2015,15:07:35,10.5,10.5,The Hawaiian Pizza
751,1,13-01-2015,15:07:35,12,12,The Napolitana Pizza
751,1,13-01-2015,15:07:35,16,16,The Vegetables + Vegetables Pizza
752,1,13-01-2015,15:19:25,10.5,10.5,The Hawaiian Pizza
752,1,13-01-2015,15:19:25,12.5,12.5,The Soppressata Pizza
753,1,13-01-2015,15:22:11,12,12,The Green Garden Pizza
753,1,13-01-2015,15:22:11,10.5,10.5,The Hawaiian Pizza
753,1,13-01-2015,15:22:11,16.5,16.5,The Italian Supreme Pizza
753,1,13-01-2015,15:22:11,20.75,20.75,The Prosciutto and Arugula Pizza
754,1,13-01-2015,15:47:56,14.5,14.5,"The Pepperoni, Mushroom, and Peppers Pizza"
754,1,13-01-2015,15:47:56,20.75,20.75,The Southwest Chicken Pizza
755,1,13-01-2015,15:50:49,16.75,16.75,The Barbecue Chicken Pizza
755,1,13-01-2015,15:50:49,14.75,14.75,The Four Cheese Pizza
756,1,13-01-2015,15:55:11,12.75,12.75,The Chicken Pesto Pizza
756,1,13-01-2015,15:55:11,16.5,16.5,The Spinach Pesto Pizza
756,1,13-01-2015,15:55:11,12,12,The Vegetables + Vegetables Pizza
757,1,13-01-2015,16:10:34,20.5,20.5,The Napolitana Pizza
757,1,13-01-2015,16:10:34,12.5,12.5,The Pepperoni Pizza
